@misc{gudgeon2020defi,
    title={DeFi Protocols for Loanable Funds: Interest Rates, Liquidity and Market Efficiency},
    author={Lewis Gudgeon and Sam M. Werner and Daniel Perez and William J. Knottenbelt},
    year={2020},
    eprint={2006.13922},
    archivePrefix={arXiv},
    primaryClass={q-fin.GN}
}

@inproceedings{kao2020analysis,
  title={An analysis of the market risk to participants in the compound protocol},
  author={Kao, Hsien-Tang and Chitra, Tarun and Chiang, Rei and Morrow, John},
  booktitle={Third International Symposium on Foundations and Applications of Blockchains},
  year={2020}
}

@article{bartoletti2020sok,
  title={SoK: Lending Pools in Decentralized Finance},
  author={Bartoletti, Massimo and Chiang, James Hsin-yu and Lluch-Lafuente, Alberto},
  journal={arXiv preprint arXiv:2012.13230},
  year={2020}
}

@article{docs:solidity,
author={Ethereum Foundation},
title={Solidity v0.8.0 Documentation},
year={2020},
howpublished={\url{https://docs.soliditylang.org/en/v0.8.0/index.html}},
note={Accessed: 12-01-2020.}
}

@article{wood2014ethereum,
  title={Ethereum: A secure decentralised generalised transaction ledger},
  author={Wood, Gavin and others},
  journal={Ethereum project yellow paper},
  volume={151},
  number={2014},
  pages={1--32},
  year={2014}
}

@misc{web:dydx,
  title={dYdX},
  author={dYdX},
  year={2019},
  url={https://dydx.exchange/}
}

@misc{qin2020attacking,
    title={Attacking the DeFi Ecosystem with Flash Loans for Fun and Profit},
    author={Kaihua Qin and Liyi Zhou and Benjamin Livshits and Arthur Gervais},
    year={2020},
    eprint={2003.03810},
    archivePrefix={arXiv},
    primaryClass={cs.CR}
}

@misc{whitepaper:uniswap,
   author={Uniswap},
   year={2020},
   title={Uniswap Whitepaper},
   howpublished={\url{https://hackmd.io/@HaydenAdams/HJ9jLsfTz#\%F0\%9F\%A6\%84-Uniswap-Whitepaper}},
   note={Accessed: 26-08-2020.}
}


@misc{whitepaper:maker,
  title={The Maker Protocol: MakerDAO's Multi-Collateral Dai (MCD) System},
  author={Maker},
  url={https://makerdao.com/en/whitepaper/},
  note={Accessed: 08-06-2020}
}

@misc{cyrus2020upcoming,
author={Cyrus},
title={Upcoming COMP farming change could impact the Dai peg},
year={2020},
howpublished={\url{https://forum.makerdao.com/t/upcoming-comp-farming-change-could-impact-the-dai-peg/2965}},
note={Accessed: 27-08-2020}
}

@misc{web:usdc,
  title={U{S}{D}{C}},
  author={Circle},
  year={2020},
  url={https://www.circle.com/en/usdc}
}

@misc{harz2020stealing,
    author={Harz, Dominik},
    year={2020},
    title={Stealing All of Makerâ€™s Collateral},
    url={https://medium.com/@dominik.harz/stealing-all-of-makers-collateral-f940970605b1},
    journal={Medium}
}

@article{klages2019stability,
  title={(In) Stability for the Blockchain: Deleveraging Spirals and Stablecoin Attacks},
  author={Klages-Mundt, Ariah and Minca, Andreea},
  journal={arXiv preprint arXiv:1906.02152},
  year={2019}
}

@misc{web:compoundfinance_prices,
  title={Open Price Feed},
  author={Compound},
  year={2020},
  howpublished={\url{https://compound.finance/prices}},
  note={Accessed: 15-09-2020.}
}

@article{moin2019sok,
  title={A Classification Framework for Stablecoin Designs},
  author={Moin, Amani and Sirer, Emin G{\"u}n and Sekniqi, Kevin},
  journal={arXiv preprint arXiv:1910.10098},
  year={2019}
}

@misc{web:compoundfinance,
  title={Compound},
  author={Compound},
  year={2019},
  howpublished={\url{https://compound.finance/}},
  note={Accessed: 17-08-2020.}
}

@misc{web:aave,
  title={AAVE},
  author={AAVE},
  year={2020},
  howpublished={\url{https://aave.com/}},
  note={Accessed: 17-08-2020.}
}

@misc{web:yearn,
  title={yearn},
  year={2020},
  howpublished={\url{https://yearn.finance/}},
  note={Accessed: 20-08-2020.}
}

@misc{web:balancer,
  title={{BAL} -- {B}alancer {G}overnance {T}oken},
  year={2020},
  howpublished={\url{https://docs.balancer.finance/protocol/bal-balancer-governance-token}},
  note={Accessed: 20-08-2020.}
}

@misc{web:curve,
  title={Curve.fi},
  year={2020},
  howpublished={\url{https://www.curve.fi/}},
  note={Accessed: 20-08-2020.}
}


@inproceedings{albert2020gasol,
  title={Gasol: Gas analysis and optimization for ethereum smart contracts},
  author={Albert, Elvira and Correas, Jes{\'u}s and Gordillo, Pablo and Rom{\'a}n-D{\'\i}ez, Guillermo and Rubio, Albert},
  booktitle={International Conference on Tools and Algorithms for the Construction and Analysis of Systems},
  pages={118--125},
  year={2020},
  organization={Springer}
}

@techreport{leshner2019compound,
  title={Compound: The money market protocol},
  author={Leshner, Robert and Hayes, Geoffrey},
  year={2019},
  institution={Compound Finance, Tech. Rep}
}

@inproceedings{pierro2019influence,
  title={The influence factors on ethereum transaction fees},
  author={Pierro, Giuseppe Antonio and Rocha, Henrique},
  booktitle={2019 IEEE/ACM 2nd International Workshop on Emerging Trends in Software Engineering for Blockchain (WETSEB)},
  pages={24--31},
  year={2019},
  organization={IEEE}
}

@inproceedings{daian2020flash,
  title={Flash boys 2.0: Frontrunning in decentralized exchanges, miner extractable value, and consensus instability},
  author={Daian, Philip and Goldfeder, Steven and Kell, Tyler and Li, Yunqi and Zhao, Xueyuan and Bentov, Iddo and Breidenbach, Lorenz and Juels, Ari},
  booktitle={2020 IEEE Symposium on Security and Privacy (SP)},
  pages={910--927},
  year={2020},
  organization={IEEE}
}
