@article{paypie2018,
    title = {{"Credit Risk Assessment Based on Blockchain Accounting." PayPie Whitepaper}},
    year = {2018},
    author = {{PayPie}}
}

@unpublished{browncorda2018,
    title = {{"The Corda Platform: An Introduction." R3 Corda Whitepaper}},
    year = {2018},
    author = {Brown, Richard Gendal}
}

@article{request2018,
    title = {{"The Future of Commerce: A Decentralized Network for Payment Requests." Request Whitepaper}},
    year = {2018},
    author = {{Request}}
}

@article{Williams-Grut2017,
    title = {{'Market manipulation 101': 'Wolf of Wall Street'-style 'pump and dump' scams plague cryptocurrency markets}},
    year = {2017},
    journal = {Business Insider},
    author = {Williams-Grut, Oscar},
    url = {http://uk.businessinsider.com/ico-cryptocurrency-pump-and-dump-telegram-2017-11}
}

@article{Zago2018,
    title = {{50+ Examples of How Blockchains are Taking Over the World}},
    year = {2018},
    journal = {Medium},
    author = {Zago, Matteo Gianpietro},
    url = {https://medium.com/@matteozago/50-examples-of-how-blockchains-are-taking-over-the-world-4276bf488a4b}
}

@inproceedings{Schollmeier2001,
    title = {{A definition of peer-to-peer networking for the classification of peer-to-peer architectures and applications}},
    year = {2001},
    booktitle = {Proceedings First International Conference on Peer-to-Peer Computing},
    author = {Schollmeier, R.},
    pages = {101--102},
    publisher = {IEEE Comput. Soc},
    url = {http://ieeexplore.ieee.org/document/990434/},
    isbn = {0-7695-1503-7},
    doi = {10.1109/P2P.2001.990434}
}

@article{Meiklejohn2013,
    title = {{A fistful of bitcoins: characterizing payments among men with no names}},
    year = {2013},
    journal = {Proceedings of the conference on Internet measurement},
    author = {Meiklejohn, Sarah and Pomarole, Marjori and Jordan, Grant and Levchenko, Kirill and McCoy, Damon and Voelker, Geoffrey M. and Savage, Stefan},
    publisher = {ACM Press},
    url = {http://dl.acm.org/citation.cfm?doid=2907055.2896384},
    address = {New York, New York, USA},
    isbn = {9781450319539},
    doi = {10.1145/2896384},
    issn = {00010782},
    pmid = {20855622}
}

@article{Bernardi2018,
    title = {{A full year of Token Economy}},
    year = {2018},
    journal = {Token Economy},
    author = {Bernardi, Stefano},
    url = {https://tokeneconomy.co/52-a-full-year-of-token-economy-e74da7d33901}
}

@article{Manouselis2006,
    title = {{A metadata model for e-markets}},
    year = {2006},
    journal = {International Journal of Metadata, Semantics and Ontologies},
    author = {Manouselis, Nikos and Costopoulou, Constantina},
    number = {2},
    pages = {141},
    volume = {1},
    url = {http://www.inderscience.com/link.php?id=11010},
    doi = {10.1504/IJMSO.2006.011010},
    issn = {1744-2621},
    keywords = {Dublin Core (DC), E-markets, Metadata model, XML}
}

@article{Sockin2018,
    title = {{A Model of Cryptocurrencies}},
    year = {2018},
    author = {Sockin, Michael and Xiong, Wei},
    url = {http://wxiong.mycpanel.princeton.edu/papers/Crypto.pdf}
}

@article{Shubik1992,
    title = {{A strategic market game with a mutual bank with fractional reserves and redemption in gold}},
    year = {1992},
    journal = {Journal of Economics},
    author = {Shubik, M. and Tsomocos, D. P.},
    number = {2},
    month = {6},
    pages = {123--150},
    volume = {55},
    publisher = {Springer-Verlag},
    url = {http://link.springer.com/10.1007/BF01227417},
    doi = {10.1007/BF01227417}
}

@article{Atzei2017,
    title = {{A Survey of Attacks on Ethereum Smart Contracts}},
    year = {2017},
    journal = {Proceedings of the 6th International Conference on Principles of Security and Trust},
    author = {Atzei, Nicola and Bartoletti, Massimo and Cimoli, Tiziana},
    pages = {164--186},
    volume = {10204},
    publisher = {Springer-Verlag New York, Inc.},
    url = {http://link.springer.com/10.1007/978-3-662-54455-6_8},
    isbn = {978-3-662-54454-9},
    doi = {10.1007/978-3-662-54455-6{\_}8}
}

@article{Tasca2019a,
    title = {{A Taxonomy of Blockchain Technologies: Principles of Identification and Classification}},
    year = {2019},
    journal = {Ledger},
    author = {Tasca, Paolo and Tessone, Claudio J.},
    number = {0},
    month = {2},
    volume = {4},
    url = {http://www.ledgerjournal.org/ojs/index.php/ledger/article/view/140/118 http://ledger.pitt.edu/ojs/index.php/ledger/article/view/140},
    doi = {10.5195/ledger.2019.140},
    issn = {2379-5980},
    keywords = {O00, blockchain, distributed ledger technology}
}

@article{Chod2018,
    title = {{A Theory of ICOs: Diversification, Agency, and Information Asymmetry}},
    year = {2018},
    journal = {SSRN Electronic Journal},
    author = {Chod, Jiri and Lyandres, Evgeny},
    url = {https://www.ssrn.com/abstract=3159528},
    doi = {10.2139/ssrn.3159528}
}

@article{Hagemann2018a,
    title = {{A Time Series Analysis of Crypto Currency Price Data}},
    year = {2018},
    author = {Hagemann, D.},
    url = {http://coles.kennesaw.edu/econopp/docs/Hagemann-Paper-WEBSITE.pdf}
}

@article{Vig2013,
    title = {{Access to Collateral and Corporate Debt Structure: Evidence from a Natural Experiment}},
    year = {2013},
    journal = {Journal of Finance},
    author = {Vig, Vikrant},
    number = {3},
    month = {6},
    pages = {881--928},
    volume = {68},
    publisher = {John Wiley {\&} Sons, Ltd},
    url = {http://doi.wiley.com/10.1111/jofi.12020},
    doi = {10.1111/jofi.12020},
    issn = {00221082}
}

@article{AB2018,
    title = {{Accounting Blockchain Whitepaper}},
    year = {2018},
    author = {{AB}},
    url = {https://portal.theaccountingblockchain.io/pdfs/whitepaper.pdf}
}

@article{John1993,
    title = {{Accounting Measures of Corporate Liquidity, Leverage, and Costs of Financial Distress}},
    year = {1993},
    journal = {Financial Management},
    author = {John, Teresa A.},
    number = {3},
    pages = {91},
    volume = {22},
    url = {https://www.jstor.org/stable/pdf/3665930.pdf},
    doi = {10.2307/3665930},
    issn = {00463892}
}

@article{Palmer2016,
    title = {{Allianz Tests Blockchain to Boost Catastrophe Bond Trades}},
    year = {2016},
    author = {Palmer, Daniel},
    url = {http://www.coindesk.com/allianz-blockchain-smart-contracts-boost-catastrophe-bond-trading/}
}

@article{MechanismLabs2018,
    title = {{Alternative Consensus Meta-Analysis Chart -- Google Sheets}},
    year = {2018},
    author = {{Mechanism Labs}},
    url = {https://docs.google.com/spreadsheets/d/1IW5AuFQtL4z34HgIZrqpcVfZPnOiifsc3xmA9KIef6I/edit#gid=658801415}
}

@inproceedings{Kao2020,
    title = {{An Analysis of the Market Risk to Participants in the Compound Protocol}},
    year = {2020},
    author = {Kao, H T and Chitra, T and Chiang, R and Morrow, J},
    url = {https://scfab.github.io/2020/FAB2020_p5.pdf},
    keywords = {agent-based simulation, decentralized finance, smart con-}
}

@article{Chase2018a,
    title = {{Analysis of the XRP Ledger Consensus Protocol}},
    year = {2018},
    author = {Chase, Brad and MacBrough, Ethan},
    url = {http://arxiv.org/abs/1802.07242},
    arxivId = {1802.07242}
}

@article{Wallace1993,
    title = {{Archivists, Recordkeeping, and the Declassification of Records: What We Can Learn from Contemporary Histories}},
    year = {1993},
    journal = {The American Archivist},
    author = {Wallace, David},
    number = {4},
    month = {9},
    pages = {794--814},
    volume = {56},
    url = {http://americanarchivist.org/doi/10.17723/aarc.56.4.p3642187l1483433},
    isbn = {0802113621},
    doi = {10.17723/aarc.56.4.p3642187l1483433},
    issn = {0360-9081}
}

@article{Amsden2018,
    title = {{Are Blockchain Crowdsales the New 'Gold Rush'? Success Determinants of Initial Coin Offerings}},
    year = {2018},
    journal = {SSRN},
    author = {Amsden, Ryan and Schweizer, Denis},
    url = {https://www.ssrn.com/abstract=3163849},
    doi = {10.2139/ssrn.3163849},
    issn = {1556-5068},
    keywords = {Blockchain, Coin, Crowdfunding, Crowdsale, Crypto Asset, Cryptocurrency, Distributed Ledger, E42, Entrepreneurial Finance, Equity Financing, Fintech, G15, Initial Coin Offering, L26, Token Offering}
}

@article{Baur2018,
    title = {{Asymmetric volatility in cryptocurrencies}},
    year = {2018},
    journal = {Economics Letters},
    author = {Baur, Dirk G. and Dimpfl, Thomas},
    pages = {148--151},
    volume = {173},
    url = {https://linkinghub.elsevier.com/retrieve/pii/S016517651830421X},
    doi = {10.1016/j.econlet.2018.10.008}
}

@article{Qin2020,
    title = {{Attacking the DeFi Ecosystem with Flash Loans for Fun and Profit}},
    year = {2020},
    author = {Qin, Kaihua and Zhou, Liyi and Livshits, Benjamin and Gervais, Arthur},
    month = {3},
    url = {http://arxiv.org/abs/2003.03810},
    arxivId = {2003.03810}
}

@article{auditchain2018,
    title = {{Auditchain: Decentralized Continuous Audit {\&} Reporting Protocol Ecosystem}},
    year = {2018},
    journal = {Auditchain Whitepaper},
    author = {{Auditchain}},
    url = {https://auditchain.com/Auditchain-Whitepaper.pdf}
}

@article{Dai1998,
    title = {{b-money}},
    year = {1998},
    author = {Dai, Wei},
    url = {http://www.weidai.com/bmoney.txt}
}

@techreport{Hertzog2018,
    title = {{Bancor Protocol Continuous Liquidity for Cryptographic Tokens through their Smart Contracts}},
    year = {2018},
    author = {Hertzog, Eyal and Benartzi, Guy and Benartzi, Galia},
    url = {https://storage.googleapis.com/website-bancor/2018/04/01ba8253-bancor_protocol_whitepaper_en.pdf}
}

@article{Ramcharan2020,
    title = {{Banks' Balance Sheets and Liquidation Values: Evidence from Real Estate Collateral}},
    year = {2020},
    journal = {The Review of Financial Studies},
    author = {Ramcharan, Rodney},
    editor = {Karolyi, Andrew},
    number = {2},
    month = {2},
    pages = {504--535},
    volume = {33},
    url = {https://academic.oup.com/rfs/article/33/2/504/5512487},
    doi = {10.1093/rfs/hhz056},
    issn = {0893-9454}
}

@book{Narayanan2016,
    title = {{Bitcoin and Cryptocurrency Technologies: A Comprehensive Introduction}},
    year = {2016},
    booktitle = {Princeton University Press},
    author = {Narayanan, Arvind and Bonneau, Joseph and Felten, Edward and Miller, Andrew and Goldfeder, Steven},
    month = {8},
    pages = {336},
    volume = {1st Ed},
    url = {https://press.princeton.edu/titles/10908.html},
    isbn = {9781139058452},
    pmid = {24034933},
    keywords = {Princeton University Press., icle}
}

@incollection{Neilson2016,
    title = {{Bitcoin Forensics: A Tutorial}},
    year = {2016},
    author = {Neilson, David and Hara, Sukhvinder and Mitchell, Ian},
    pages = {12--26},
    url = {http://link.springer.com/10.1007/978-3-319-51064-4_2},
    doi = {10.1007/978-3-319-51064-4{\_}2}
}

@article{Corbet2018,
    title = {{Bitcoin Futures -- What use are they?}},
    year = {2018},
    journal = {Economics Letters},
    author = {Corbet, Shaen and Lucey, Brian and Peat, Maurice and Vigne, Samuel},
    pages = {23--27},
    volume = {172},
    url = {https://linkinghub.elsevier.com/retrieve/pii/S016517651830291X},
    doi = {10.1016/j.econlet.2018.07.031}
}

@techreport{Fanuise2018,
    title = {{Bitcoin Laundering: An Analysis of Illicit Flows into Digital Currency Services | Foundation for Defense of Democracies}},
    year = {2018},
    booktitle = {Fdd.Org},
    author = {Fanuise, J and Robertson, T}
}

@article{Choi2018,
    title = {{Bitcoin Microstructure and the Kimchi Premium}},
    year = {2018},
    journal = {SSRN Electronic Journal},
    author = {Choi, Kyoung Jin and Lehar, Alfred and Stauffer, Ryan},
    month = {5},
    url = {https://www.ssrn.com/abstract=3189051},
    doi = {10.2139/ssrn.3189051},
    issn = {1556-5068},
    keywords = {Bitcoin, Cryptocurrencies, Fintech, Limits to Arbitrage}
}

@article{Dimitri2017,
    title = {{Bitcoin Mining as a Contest}},
    year = {2017},
    journal = {Ledger},
    author = {Dimitri, Nicola},
    pages = {31--37},
    volume = {2},
    url = {http://www.ledgerjournal.org/ojs/ledger/article/view/96/67},
    doi = {10.5195/ledger.2017.96},
    issn = {2379-5980}
}

@inproceedings{Lewenberg2015,
    title = {{Bitcoin mining pools: A cooperative game theoretic analysis}},
    year = {2015},
    booktitle = {Proceedings of the International Joint Conference on Autonomous Agents and Multiagent Systems, AAMAS},
    author = {Lewenberg, Yoad and Bachrach, Yoram and Sompolinsky, Yonatan and Zohar, Aviv and Rosenschein, Jeffrey S.},
    pages = {919--927},
    volume = {2},
    url = {www.ifaamas.org},
    isbn = {9781450337700},
    issn = {15582914},
    keywords = {Bitcoin, Cooperative game, Game theory, Mining pool}
}

@article{Lo2018,
    title = {{Bitcoin mining: converting computing power into cash flow}},
    year = {2018},
    journal = {Applied Economics Letters},
    author = {Lo, Yuen C and Medda, Francesca},
    url = {https://www.tandfonline.com/doi/full/10.1080/13504851.2018.1540841},
    doi = {10.1080/13504851.2018.1540841},
    issn = {1350-4851}
}

@article{Hayes2018,
    title = {{Bitcoin price and its marginal cost of production: support for a fundamental value}},
    year = {2018},
    journal = {Applied Economics Letters},
    author = {Hayes, Adam S.},
    pages = {1--7},
    isbn = {0018-7208},
    doi = {10.1080/13504851.2018.1488040},
    issn = {14664291},
    keywords = {Bitcoin, bubbles, cost of production, cryptocurrency, model testing, valuation model}
}

@article{Dyhrberg2015,
    title = {{Bitcoin, gold and the dollar - A GARCH volatility analysis}},
    year = {2015},
    journal = {Finance Research Letters},
    author = {Dyhrberg, Anne Haubo},
    pages = {85--92},
    volume = {16},
    url = {http://dx.doi.org/10.1016/j.frl.2015.10.008},
    doi = {10.1016/j.frl.2015.10.008},
    keywords = {Bitcoin, GARCH, Volatility}
}

@article{Bouoiyour2016,
    title = {{Bitcoin: A beginning of a new phase?}},
    year = {2016},
    journal = {Economics Bulletin},
    author = {Bouoiyour, Jamal and Selmi, Refk},
    number = {3},
    pages = {1430--1440},
    volume = {36},
    isbn = {1545-2921},
    doi = {10.1177/001132550603600301},
    issn = {15452921}
}

@unpublished{Nakamoto,
    title = {{Bitcoin: A Peer-to-Peer Electronic Cash System}},
    year = {2008},
    author = {Nakamoto, Satoshi},
    url = {www.bitcoin.org}
}

@article{Baur2018a,
    title = {{Bitcoin: Medium of exchange or speculative assets?}},
    year = {2018},
    journal = {Journal of International Financial Markets, Institutions and Money},
    author = {Baur, Dirk G. and Hong, KiHoon and Lee, Adrian D.},
    month = {5},
    pages = {177--189},
    volume = {54},
    url = {https://linkinghub.elsevier.com/retrieve/pii/S1042443117300720},
    doi = {10.1016/j.intfin.2017.12.004},
    issn = {10424431}
}

@unpublished{Sive2020,
    title = {{Blockchain and Real Estate Tokenisation}},
    year = {2020},
    author = {Sive, Simon}
}

@inproceedings{Chauhan2018,
    title = {{Blockchain and Scalability}},
    year = {2018},
    booktitle = {IEEE International Conference on Software Quality, Reliability and Security Companion},
    author = {Chauhan, Anamika and Malviya, Om Prakash and Verma, Madhav and Mor, Tejinder Singh},
    month = {7},
    pages = {122--128},
    publisher = {IEEE},
    url = {https://ieeexplore.ieee.org/document/8431962/},
    isbn = {978-1-5386-7839-8},
    doi = {10.1109/QRS-C.2018.00034}
}

@article{Chen2020,
    title = {{Blockchain disruption and decentralized finance: The rise of decentralized business models}},
    year = {2020},
    journal = {Journal of Business Venturing Insights},
    author = {Chen, Yan and Bellavitis, Cristiano},
    month = {6},
    pages = {e00151},
    volume = {13},
    publisher = {Elsevier Inc},
    url = {https://linkinghub.elsevier.com/retrieve/pii/S2352673419300824},
    doi = {10.1016/j.jbvi.2019.e00151},
    issn = {23526734},
    keywords = {Blockchain, Decentralization, Decentralized finance, Decentralized platform, FinTech}
}

@article{Cong2018,
    title = {{Blockchain Disruption and Smart Contracts}},
    year = {2018},
    author = {Cong, Lin William and He, Zhiguo},
    url = {http://www.nber.org/papers/w24399.pdf}
}

@article{Devine2019,
    title = {{Blockchain Electricity Trading Under Demurrage}},
    year = {2019},
    journal = {IEEE Transactions on Smart Grid},
    author = {Devine, Mel T. and Cuffe, Paul},
    number = {2},
    month = {3},
    pages = {2323--2325},
    volume = {10},
    publisher = {Institute of Electrical and Electronics Engineers Inc.},
    url = {https://ieeexplore.ieee.org/document/8610247/},
    doi = {10.1109/TSG.2019.2892554},
    issn = {1949-3053},
    keywords = {Microgrids, Solar power generation, Transaction databases, Transactive energy}
}

@misc{BellGreggMatthewHill2018,
    title = {{Blockchain oracle for managing loans collateralized by digital assets}},
    year = {2018},
    author = {Bell, Gregg and Hill, Matthew and Owen, Shawn},
    publisher = {US},
    url = {https://patentimages.storage.googleapis.com/a4/af/c3/5708ffa4f9a7c8/US20190114706A1.pdf}
}

@techreport{Matteo2017,
    title = {{Blockchain Technologies : foreseeable impact on industry and society Draft NOT for distribution , to be published on IEEE 2017}},
    year = {2017},
    author = {Matteo, T Di},
    number = {9},
    pages = {1--10},
    volume = {50},
    url = {http://discovery.ucl.ac.uk/10043048/1/Aste_BlockchainIEEE_600W_v3.3_A.doccceptedVersion.x.pdf}
}

@article{Saleh2018,
    title = {{Blockchain Without Waste: Proof-of-Stake}},
    year = {2018},
    author = {Saleh, Fahad},
    url = {https://ssrn.com/abstract=3183935}
}

@article{Ricci2019a,
    title = {{Blockchain-Based Distributed Cloud Storage Digital Forensics: Where's the Beef?}},
    year = {2019},
    journal = {IEEE Security {\&} Privacy},
    author = {Ricci, Joseph and Baggili, Ibrahim and Breitinger, Frank},
    number = {1},
    month = {1},
    pages = {34--42},
    volume = {17},
    url = {https://ieeexplore.ieee.org/document/8674173/},
    doi = {10.1109/MSEC.2018.2875877},
    issn = {1540-7993}
}

@article{Kakushadze2018,
    title = {{Blockchain: Data Malls, Coin Economies, and Keyless Payments}},
    year = {2018},
    journal = {Journal of Alternative Investments},
    author = {Kakushadze, Zura and Russo, Ronald P.},
    number = {1},
    pages = {8--16},
    volume = {21},
    url = {http://jai.iijournals.com/content/21/1/8https://doi.org/10.3905/jaihttp://jai.iijournals.com/alertshttp://jai.iijournals.com/http://jai.iijournals.com/},
    doi = {10.3905/jai.2018.21.1.008},
    issn = {15203255},
    arxivId = {1802.07422}
}

@techreport{Berg2018,
    title = {{Blockchains and Constitutional Catallaxy Regulatory state}},
    year = {2018},
    author = {Berg, Alastair and Berg, Chris and Novak, Mikayla},
    url = {https://www.researchgate.net/publication/329389119},
    keywords = {K40, O17, P16, P48, blockchain, constitution, constitutional catallaxy, constitutional entrepreneurship, de jure vs de facto constitution, distributed ledger technology JEL codes: D71}
}

@article{Qureshi2018,
    title = {{Blockchains should not be democracies – Hacker Noon}},
    year = {2018},
    author = {Qureshi, Haseeb},
    url = {https://hackernoon.com/blockchains-should-not-be-democracies-14379e0e23ad}
}

@inproceedings{Perez2020f,
    title = {{Broken Metre: Attacking Resource Metering in EVM}},
    year = {2020},
    booktitle = {Network and Distributed System Security Symposium},
    author = {Perez, Daniel and Livshits, Benjamin},
    publisher = {Internet Society},
    address = {Reston, VA},
    isbn = {1-891562-61-4},
    doi = {10.14722/ndss.2020.24267}
}

@article{Thelwall2018,
    title = {{Can social news websites pay for content and curation? The SteemIt cryptocurrency model}},
    year = {2018},
    journal = {Journal of Information Science},
    author = {Thelwall, Mike},
    number = {6},
    month = {12},
    pages = {736--751},
    volume = {44},
    url = {http://journals.sagepub.com/doi/10.1177/0165551517748290},
    doi = {10.1177/0165551517748290},
    issn = {0165-5515},
    keywords = {Cryptocurrency, Reddit, SteemIt, news websites, social web}
}

@incollection{Richardson2020d,
    title = {{Carbon Trading with Blockchain}},
    year = {2020},
    booktitle = {Mathematical Research for Blockchain Economy},
    author = {Richardson, Andreas and Xu, Jiahua},
    editor = {Pardalos, Panos and Kotsireas, Ilias and Guo, Yike and Knottenbelt, William},
    chapter = {7},
    month = {5},
    pages = {105--124},
    url = {http://link.springer.com/10.1007/978-3-030-53356-4_7},
    doi = {10.1007/978-3-030-53356-4{\_}7},
    arxivId = {2005.02474}
}

@article{Insider,
    title = {{CFTC offers {\$}100,000+ bounty for crypto pump and dump whistleblowers}},
    author = {{Crypto Insider}},
    url = {https://cryptoinsider.21mil.com/cftc-offers-bounty-on-crypto-pump-dump-whistleblowers/}
}

@misc{Zhu2018,
    title = {{Class weights random forest algorithm for processing class imbalanced medical data}},
    year = {2018},
    booktitle = {IEEE Access},
    author = {Zhu, Min and Xia, Jing and Jin, Xiaoqing and Yan, Molei and Cai, Guolong and Yan, Jing and Ning, Gangmin},
    pages = {4641--4652},
    volume = {6},
    url = {https://ieeexplore.ieee.org/stamp/stamp.jsp?arnumber=8246503},
    doi = {10.1109/ACCESS.2018.2789428},
    issn = {21693536},
    keywords = {Class imbalanced, Class weights voting, Random forest, Weighted voting}
}

@article{Ahmed2018,
    title = {{Class-imbalanced subsampling lasso algorithm for discovering adverse drug reactions}},
    year = {2018},
    journal = {Statistical Methods in Medical Research},
    author = {Ahmed, Ismaïl and Pariente, Antoine and Tubert-Bitter, Pascale},
    number = {3},
    pages = {785--797},
    volume = {27},
    url = {https://journals.sagepub.com/doi/pdf/10.1177/0962280216643116?casa_token=fiUTGuWvMdYAAAAA%3ADditaG_-c2fz1H1ohtFU11zEaHSQBD5uAdCV-2K-UUg-cXalwP66QnGVqbGN3A0_-1bmvCTcbDzoWA},
    isbn = {0962280216},
    doi = {10.1177/0962280216643116},
    issn = {14770334},
    pmid = {27114328}
}

@article{Pirrong2012,
    title = {{Clearing and Collateral Mandates: A New Liquidity Trap?}},
    year = {2012},
    journal = {Journal of Applied Corporate Finance},
    author = {Pirrong, Craig},
    number = {1},
    month = {3},
    pages = {67--73},
    volume = {24},
    publisher = {Wiley-Blackwell},
    url = {http://doi.wiley.com/10.1111/j.1745-6622.2012.00366.x},
    doi = {10.1111/j.1745-6622.2012.00366.x},
    issn = {1078-1196}
}

@article{Levchenko2011,
    title = {{Click Trajectories: End-to-End Analysis of the Spam Value Chain}},
    year = {2011},
    journal = {Proceedings of the 2011 ieee symposium on security and privacy},
    author = {Levchenko, K and Pitsillidis, A and Chachra, N and Enright, B and F{\'{e}}legyh{\'{a}}zi, M and Grier, C and Halvorson, T and Kanich, C and Kreibich, C and Liu, H and {others}},
    url = {http://www.icir.org/christian/publications/2011-oakland-trajectory.pdf}
}

@article{SKumar2019,
    title = {{Co-movement in crypto-currency markets: evidences from wavelet analysis}},
    year = {2019},
    journal = {Financial Innovation},
    author = {S Kumar, Anoop and Ajaz, Taufeeq},
    number = {1},
    month = {12},
    pages = {33},
    volume = {5},
    url = {https://doi.org/10.1186/s40854-019-0143-3 https://jfin-swufe.springeropen.com/articles/10.1186/s40854-019-0143-3},
    doi = {10.1186/s40854-019-0143-3},
    issn = {2199-4730},
    keywords = {Bitcoin, Co-movement, Crypto-currencies, G11, Wavelets JEL classification: G10}
}

@unpublished{MacBrough2018,
    title = {{Cobalt: BFT Governance in Open Networks}},
    year = {2018},
    author = {MacBrough, Ethan},
    url = {http://arxiv.org/abs/1802.07240},
    arxivId = {1802.07240}
}

@article{CHAN1987,
    title = {{Collateral and Competitive Equilibria with Moral Hazard and Private Information}},
    year = {1987},
    journal = {The Journal of Finance},
    author = {Chan, Yuk-Shee and Thakor, Anjan V},
    number = {2},
    month = {6},
    pages = {345--363},
    volume = {42},
    url = {http://doi.wiley.com/10.1111/j.1540-6261.1987.tb02571.x},
    doi = {10.1111/j.1540-6261.1987.tb02571.x},
    issn = {00221082}
}

@article{Rosenfeld2018,
    title = {{Commodity Futures Trading Commission issues advisory for virtual currency pump-and-dump schemes}},
    year = {2018},
    journal = {Journal of Investment Compliance},
    author = {Rosenfeld, Richard and Lakatos, Alex and Beam, David and Carlson, Jennifer and Flax, Nina and Niehoff, Philip and Bisanz, Matthew and McCoy, Nicholas},
    number = {3},
    pages = {42--44},
    volume = {19},
    url = {https://www.emeraldinsight.com/doi/10.1108/JOIC-04-2018-0033},
    doi = {10.1108/JOIC-04-2018-0033},
    issn = {1528-5812}
}

@techreport{Leshner2018,
    title = {{Compound : The Money Market Protocol}},
    year = {2018},
    author = {Leshner, Robert and Hayes, Geoffrey},
    pages = {1--10}
}

@article{Cummins2009,
    title = {{Convergence of Insurance and Financial Markets: Hybrid and Securitized Risk-Transfer Solutions}},
    year = {2009},
    journal = {Journal of Risk and Insurance},
    author = {Cummins, J. David and Weiss, Mary A.},
    number = {3},
    pages = {493--545},
    volume = {76},
    publisher = {Wiley/Blackwell (10.1111)},
    url = {http://doi.wiley.com/10.1111/j.1539-6975.2009.01311.x},
    doi = {10.1111/j.1539-6975.2009.01311.x}
}

@article{Yermack,
    title = {{Corporate Governance and Blockchains}},
    year = {2017},
    journal = {Review of Finance},
    author = {Yermack, David},
    pages = {7--31},
    url = {https://academic.oup.com/rof/article-abstract/21/1/7/2888422},
    doi = {10.1093/rof/rfw074}
}

@article{Dierksmeier2018,
    title = {{Cryptocurrencies and Business Ethics}},
    year = {2018},
    journal = {Journal of Business Ethics},
    author = {Dierksmeier, Claus and Seele, Peter},
    number = {1},
    month = {9},
    pages = {1--14},
    volume = {152},
    url = {http://link.springer.com/10.1007/s10551-016-3298-0},
    doi = {10.1007/s10551-016-3298-0},
    issn = {15730697},
    keywords = {Bitcoin, Blockchain, Business ethics, Cryptocurrencies, Darknet, Financial system, Shadow banking, Social business, Trust}
}

@article{Kruckeberg2018,
    title = {{Cryptocurrencies as an Asset Class?}},
    year = {2018},
    author = {Kr{\"{u}}ckeberg, Sinan and Scholz, Peter},
    url = {https://ssrn.com/abstract=3162800www.krueckeberg.us}
}

@article{Abraham2018,
    title = {{Cryptocurrency price prediction using tweet volumes and sentiment analysis}},
    year = {2018},
    journal = {Scholar.Smu.Edu},
    author = {Abraham, J and Higdon, D and {\ldots}, J Nelson - SMU Data Science and 2018, undefined},
    number = {3},
    volume = {1},
    url = {https://scholar.smu.edu/datasciencereview/vol1/iss3/1/}
}

@unpublished{Li2018a,
    title = {{Cryptocurrency Pump-and-Dump Schemes}},
    year = {2019},
    author = {Li, Tao and Shin, Donghwa and Wang, Baolian},
    url = {https://poseidon01.ssrn.com/delivery.php?ID=5040310051201060201230820871230301190160620420320420360110830220940290650700710731241181190190360581210331210010910750911011230280720940510810211200890850790011030110340080301050941200720121151101240961061160680},
    keywords = {G18, G28, G41 Keywords: Pump-and-dump scheme, JEL classification: G14, cryptocurrency, gambling, manipulation, overconfidence}
}

@article{Ramos,
    title = {{Cryptocurrency Pumping Predictions : A Novel Approach to Identifying Pump And Dump Schemes}},
    year = {2017},
    author = {Ramos, Cameron and Science, Computer},
    pages = {1--4},
    url = {http://cs229.stanford.edu/proj2017/final-reports/5231579.pdf}
}

@article{Harvey2016,
    title = {{Cryptofinance}},
    year = {2016},
    author = {Harvey, Campbell R},
    url = {https://papers.ssrn.com/sol3/Papers.cfm?abstract_id=2438299}
}

@article{CFTC2018,
    title = {{Customer Advisory: Beware Virtual Currency Pump-and-Dump Schemes}},
    year = {2018},
    author = {{CFTC}},
    url = {https://www.cftc.gov/sites/default/files/idc/groups/public/@customerprotection/documents/file/customeradvisory_pumpdump0218.pdf}
}

@article{schneider2019decentralization,
    title = {{Decentralization: an incomplete ambition}},
    year = {2019},
    journal = {Journal of Cultural Economy},
    author = {Schneider, Nathan},
    number = {4},
    month = {7},
    pages = {265--285},
    volume = {12},
    publisher = {Taylor {\&} Francis},
    url = {https://www.tandfonline.com/doi/full/10.1080/17530350.2019.1589553},
    doi = {10.1080/17530350.2019.1589553},
    issn = {1753-0350},
    keywords = {Cryptocurrency, bitcoin, decentralization, development, internet}
}

@techreport{Zetzsche2020,
    title = {{Decentralized Finance (DeFi)}},
    year = {2020},
    booktitle = {SSRN Electronic Journal},
    author = {Zetzsche, Dirk Andreas and Arner, Douglas W. and Buckley, Ross P.},
    url = {http://iielaw.org/www.ssrn.com/abstract=3539194Electroniccopyavailableat:https://ssrn.com/abstract=3539194},
    doi = {10.2139/ssrn.3539194},
    issn = {1556-5068}
}

@techreport{Chainanalysis2019,
    title = {{Decoding increasingly sophisticated hacks, darknet markets, and scams}},
    year = {2019},
    author = {{Chainanalysis}},
    url = {https://uploads-ssl.webflow.com/5a9360f88433cb00018022c2/5c4f67ee7deb5948e2941fda_Chainalysis January 2019 Crypto Crime Report.pdf}
}

@article{Whaley1993,
    title = {{Derivatives on Market Volatility: Hedging Tools Long Overdue}},
    year = {1993},
    journal = {The Journal of Derivatives},
    author = {Whaley, Robert E},
    number = {1},
    pages = {71--84},
    volume = {1},
    url = {https://rewconsulting.files.wordpress.com/2012/09/jd93.pdf},
    doi = {10.3905/jod.1993.407868},
    issn = {1074-1240}
}

@inproceedings{Chen2018,
    title = {{Detecting Ponzi Schemes on Ethereum}},
    year = {2018},
    booktitle = {World Wide Web Conference (WWW 18)},
    author = {Chen, Weili and Zheng, Zibin and Cui, Jiahui and Ngai, Edith and Zheng, Peilin and Zhou, Yuren},
    pages = {1409--1418},
    volume = {4},
    publisher = {ACM Press},
    url = {https://doi.org/10.1145/3178876.3186046 http://dl.acm.org/citation.cfm?doid=3178876.3186046},
    address = {New York, New York, USA},
    isbn = {9781450356398},
    doi = {10.1145/3178876.3186046},
    keywords = {Blockchain, Ethereum, Ponzi Schemes, Smart Contract}
}

@article{BLMP2018,
    title = {{Difference Between On-Chain and Off-Chain Governance}},
    year = {2018},
    author = {{BLMP}},
    url = {https://medium.com/@BLMPNetwork/difference-between-on-chain-and-off-chain-governance-c881cd3e6374}
}

@article{Benedetti2018,
    title = {{Digital Tulips? Returns to Investors in Initial Coin Offerings}},
    year = {2018},
    author = {Benedetti, Hugo and Kostovetsky, Leonard},
    url = {http://blockchaintimes.io/wp-content/uploads/2018/05/SSRN-id3182169.pdf}
}

@article{Taylor1993,
    title = {{Discretion versus policy rules in practice}},
    year = {1993},
    journal = {Carnegie-Rochester Conference Series on Public Policy},
    author = {Taylor, John B.},
    number = {C},
    month = {12},
    pages = {195--214},
    volume = {39},
    url = {https://linkinghub.elsevier.com/retrieve/pii/016722319390009L},
    doi = {10.1016/0167-2231(93)90009-L},
    issn = {01672231}
}

@article{Bartoletti2017,
    title = {{Dissecting Ponzi schemes on Ethereum: identification, analysis, and impact}},
    year = {2017},
    author = {Bartoletti, Massimo and Carta, Salvatore and Cimoli, Tiziana and Saia, Roberto},
    url = {http://arxiv.org/abs/1703.03779},
    arxivId = {1703.03779}
}

@article{DeSouza2004,
    title = {{Dynamic Leverage}},
    year = {2004},
    journal = {The Journal of Portfolio Management},
    author = {De Souza, Clifford and Smirnov, Mikhail},
    number = {1},
    month = {10},
    pages = {25--39},
    volume = {31},
    url = {http://jpm.pm-research.com/lookup/doi/10.3905/jpm.2004.443317},
    doi = {10.3905/jpm.2004.443317},
    issn = {0095-4918}
}

@article{Rabin1989,
    title = {{Efficient dispersal of information for security, load balancing, and fault tolerance}},
    year = {1989},
    journal = {Journal of the ACM},
    author = {Rabin, Michael O.},
    number = {2},
    month = {4},
    pages = {335--348},
    volume = {36},
    url = {http://portal.acm.org/citation.cfm?doid=62044.62050},
    doi = {10.1145/62044.62050},
    issn = {00045411}
}

@misc{Masnavi2018,
    title = {{EOS Blockchain Upgrade (Mainnet Launch) and Token Migration: Everything You Need to Know}},
    year = {2018},
    booktitle = {Cryptoglobe},
    author = {Masnavi, Siamak},
    url = {https://www.cryptoglobe.com/latest/2018/05/eos-blockchain-upgrade-mainnet-launch-and-token-migration-everything-you-need-to-know/}
}

@article{Cox2017a,
    title = {{EOS.IO technical white paper}},
    year = {2018},
    journal = {GitHub repository},
    author = {{block.one}},
    pages = {1--22},
    url = {https://github.com/EOSIO/Documentation/blob/master/TechnicalWhitePaper.md}
}

@techreport{Xu,
    title = {{EOS: An Architectural, Performance, and Economic Analysis}},
    year = {2018},
    author = {Xu, Brent and Luthra, Dhruv and Cole, Zak and Blakely, Nate},
    url = {https://www.whiteblock.io/library/eos-test-report.pdf}
}

@unpublished{Grigg2017,
    title = {{EOS: An Introduction}},
    year = {2017},
    author = {Grigg, Ian},
    url = {https://iang.org/papers/EOS_An_Introduction-BLACK-EDITION.pdf https://eos.io/documents/EOS_An_Introduction.pdf},
    institution = {EOS Whitepaper},
    keywords = {EOS, blockchain, smart contract}
}

@article{Elton1999,
    title = {{Expected return, realized return, and asset pricing tests}},
    year = {1999},
    journal = {Journal of Finance},
    author = {Elton, Edwin J.},
    number = {4},
    pages = {1199--1220},
    volume = {54},
    url = {http://citeseerx.ist.psu.edu/viewdoc/download?doi=10.1.1.460.729&rep=rep1&type=pdf},
    isbn = {00221082},
    doi = {10.1111/0022-1082.00144},
    issn = {00221082}
}

@article{Cox2017,
    title = {{Federal Reserve starting to think about its own digital currency, Dudley says}},
    year = {2017},
    journal = {CNBC},
    author = {Cox, Jeff},
    url = {https://www.cnbc.com/2017/11/29/federal-reserve-starting-to-think-about-its-own-digital-currency-dudley-says.html}
}

@misc{FederalReserve2016,
    title = {{Federal Trade Commission Act Section 5: Unfair or Deceptive Acts or Practices}},
    year = {2016},
    booktitle = {Consumer Compliance Handbook},
    author = {{Federal Reserve}},
    url = {https://www.federalreserve.gov/boarddocs/supmanual/cch/ftca.pdf}
}

@book{B2015,
    title = {{Financial Cryptography and Data Security}},
    year = {2015},
    author = {B, John Tromp},
    editor = {Brenner, Michael and Christin, Nicolas and Johnson, Benjamin and Rohloff, Kurt},
    number = {October 2016},
    pages = {49--62},
    series = {Lecture Notes in Computer Science},
    volume = {8976},
    publisher = {Springer Berlin Heidelberg},
    url = {http://link.springer.com/10.1007/978-3-662-48051-9},
    address = {Berlin, Heidelberg},
    isbn = {978-3-662-48050-2},
    doi = {10.1007/978-3-662-48051-9}
}

@phdthesis{Mosteiro2018,
    title = {{Financial Incentives in Crowdsourced Content Curation}},
    year = {2018},
    author = {Mosteiro, Andrés Monteoliva},
    url = {https://www.doc.ic.ac.uk/~livshits/papers/theses/andres_mosteiro.pdf}
}

@article{Nikolic2018,
    title = {{Finding The Greedy, Prodigal, and Suicidal Contracts at Scale}},
    year = {2018},
    author = {Nikolic, Ivica and Kolluri, Aashish and Sergey, Ilya and Saxena, Prateek and Hobor, Aquinas},
    url = {http://arxiv.org/abs/1802.06038},
    arxivId = {1802.06038}
}

@article{MorrisonFoersterLLP2018,
    title = {{First SEC Enforcement Action Against Unregistered Digital Token Exchange}},
    year = {2018},
    author = {{Morrison {\&} Foerster LLP}},
    url = {https://www.lexology.com/library/detail.aspx?g=0160bbaf-db47-4b59-ba7f-0532896ba876&utm_source=lexology+daily+newsfeed&utm_medium=html+email&utm_campaign=lexology+subscriber+daily+feed&utm_content=lexology+daily+newsfeed+2018-11-13&utm_term=}
}

@article{Derbentsev2019a,
    title = {{Forecasting cryptocurrency prices time series using machine learning approach}},
    year = {2019},
    journal = {SHS Web of Conferences},
    author = {Derbentsev, Vasily and Datsenko, Natalia and Stepanenko, Olga and Bezkorovainyi, Vitaly},
    editor = {Semerikov, S. and Soloviev, V. and Kibalnyk, L. and Chernyak, O. and Danylchuk, H.},
    month = {5},
    pages = {02001},
    volume = {65},
    url = {https://doi.org/10.1051/shsconf/20196502001 https://www.shs-conferences.org/10.1051/shsconf/20196502001},
    doi = {10.1051/shsconf/20196502001},
    issn = {2261-2424}
}

@article{Kharif2018,
    title = {{Forget Airline Miles. Crypto Coins Are Coming to Reward Programs}},
    year = {2018},
    journal = {Bloomberg},
    author = {Kharif, Olga},
    url = {https://www.bloomberg.com/news/articles/2018-05-30/forget-airline-miles-crypto-coins-are-coming-to-reward-programs}
}

@unpublished{Rosenfeld2017,
    title = {{Formulas for Bancor system}},
    year = {2017},
    author = {Rosenfeld, Meni},
    url = {https://drive.google.com/file/d/0B3HPNP-GDn7aRkVaV3dkVl9NS2M/view}
}

@article{Easley2017,
    title = {{From Mining to Markets: the Evolution of Bitcoin Transaction Fees}},
    year = {2017},
    journal = {SSRN Electronic Journal},
    author = {Easley, David and O'Hara, Maureen and Basu, Soumya},
    url = {https://www.ssrn.com/abstract=3055380},
    doi = {10.2139/ssrn.3055380}
}

@misc{pompliano2015,
    title = {{Funding The Future of Finance. Off the Chain}},
    year = {2015},
    author = {Pompliano, Anthony}
}

@techreport{Kumar1992,
    title = {{Futures Manipulation with “Cash Settlement”}},
    year = {1992},
    booktitle = {The Journal of Finance},
    author = {Kumar, Praveen and Seppi, Duane J.},
    number = {4},
    pages = {1485--1502},
    volume = {47},
    url = {https://www.jstor.org/stable/pdf/2328948.pdf?refreqid=excelsior%3A532a38504ad5a275bbdfe38bc1fc4166},
    isbn = {0022-1082},
    doi = {10.1111/j.1540-6261.1992.tb04666.x},
    issn = {15406261}
}

@inproceedings{Johnson2014a,
    title = {{Game-theoretic analysis of DDoS attacks against bitcoin mining pools}},
    year = {2014},
    booktitle = {Lecture Notes in Computer Science (including subseries Lecture Notes in Artificial Intelligence and Lecture Notes in Bioinformatics)},
    author = {Johnson, Benjamin and Laszka, Aron and Grossklags, Jens and Vasek, Marie and Moore, Tyler},
    pages = {72--86},
    volume = {8438},
    publisher = {Springer Verlag},
    url = {https://link.springer.com/chapter/10.1007/978-3-662-44774-1_6},
    isbn = {9783662447734},
    doi = {10.1007/978-3-662-44774-1{\_}6},
    issn = {16113349},
    keywords = {Bitcoin, DDoS, Game theory, Internet, Security}
}

@article{Pasquariello2018,
    title = {{Government intervention and arbitrage}},
    year = {2018},
    journal = {Review of Financial Studies},
    author = {Pasquariello, Paolo},
    number = {9},
    pages = {3344--3408},
    volume = {31},
    url = {https://www.newyorkfed.org/aboutthefed/fedpoint/fed44.html},
    doi = {10.1093/rfs/hhx074},
    issn = {14657368}
}

@article{Mundell1965,
    title = {{Growth, Stability, and Inflationary Finance}},
    year = {1965},
    journal = {Journal of Political Economy},
    author = {Mundell, Robert A.},
    number = {2},
    month = {4},
    pages = {97--109},
    volume = {73},
    publisher = {The University of Chicago Press},
    url = {https://www.journals.uchicago.edu/doi/10.1086/258999},
    doi = {10.1086/258999},
    issn = {0022-3808}
}

@techreport{Back2002,
    title = {{Hashcash-A Denial of Service Counter-Measure}},
    year = {2002},
    author = {Back, Adam},
    keywords = {cost-functions, hashcash}
}

@article{Dyhrberg2016,
    title = {{Hedging capabilities of bitcoin. Is it the virtual gold?}},
    year = {2016},
    journal = {Finance Research Letters},
    author = {Dyhrberg, Anne Haubo},
    pages = {139--144},
    volume = {16},
    publisher = {Elsevier},
    url = {https://www.sciencedirect.com/science/article/pii/S1544612315001208},
    doi = {10.1016/J.FRL.2015.10.025},
    issn = {1544-6123}
}

@article{Austin2018,
    title = {{How Do I Sell My Crowdfunded Shares? Developing Exchanges and Markets to Trade Securities Issued by Start-Ups and Small Companies}},
    year = {2018},
    journal = {Harvard Business Law Review},
    author = {Austin, Janet},
    pages = {21--35},
    volume = {8},
    url = {https://www.hblr.org/wp-content/uploads/sites/18/2018/01/HBLR-Online_Austin_Final-1-21-2.pdf},
    keywords = {Crowdfunding, G24, K22, L26, Market Manipulation, OTC, Pump and Dump, SME, Secondary Markets}
}

@misc{DeFiPulse2020,
    title = {{How do we calculate total value locked (TVL)?}},
    year = {2020},
    author = {{DeFi Pulse}},
    url = {https://defipulse.com/}
}

@article{Harber1991,
    title = {{How to time-stamp a digital document}},
    year = {1991},
    journal = {Journal of Cryptology},
    author = {Haber, Stuart and Stornetta, W.Scott},
    number = {2},
    pages = {437--455},
    volume = {3},
    publisher = {Springer Berlin Heidelberg},
    url = {https://link.springer.com/content/pdf/10.1007/3-540-38424-3_32.pdf http://link.springer.com/10.1007/3-540-38424-3_32 http://link.springer.com/10.1007/BF00196791},
    address = {Berlin, Heidelberg},
    isbn = {9783540545088},
    doi = {10.1007/BF00196791},
    issn = {0933-2790}
}

@article{Graham2014,
    title = {{If anything, Bitcoin is inflationary}},
    year = {2014},
    journal = {Errata Security},
    author = {Graham, Robert},
    url = {https://blog.erratasec.com/2014/02/if-anything-bitcoin-is-inflationary.html#.WzCatqf7TD4},
    keywords = {bitcoin}
}

@article{Schneider1990,
    title = {{Implementing fault-tolerant services using the state machine approach: a tutorial}},
    year = {1990},
    journal = {ACM Computing Surveys},
    author = {Schneider, Fred B.},
    number = {4},
    month = {12},
    pages = {299--319},
    volume = {22},
    url = {http://portal.acm.org/citation.cfm?doid=98163.98167},
    doi = {10.1145/98163.98167},
    issn = {03600300}
}

@article{Bacao2018,
    title = {{Information transmission between cryptocurrencies: Does Bitcoin rule the cryptocurrency world?}},
    year = {2018},
    journal = {Scientific Annals of Economics and Business},
    author = {Ba{\c{c}}{\~{a}}o, Pedro and Duarte, António Portugal and Sebasti{\~{a}}o, Helder and Redzepagic, Srdjan},
    number = {2},
    pages = {97--117},
    volume = {65},
    doi = {10.2478/saeb-2018-0013},
    issn = {25013165},
    keywords = {Bitcoin, Causality, Cryptocurrencies, Generalized impulse response, Geweke feedback measures}
}

@article{Li2018,
    title = {{Initial Coin Offering and Platform Building}},
    year = {2017},
    journal = {Ssrn},
    author = {Li, Jiasun and Mann, William},
    url = {https://papers.ssrn.com/sol3/papers.cfm?abstract_id=3088726},
    doi = {10.2139/ssrn.3088726},
    keywords = {FinTech, ICO, coordination game, network effect, wisdom of the crowd}
}

@article{Momtaz2018,
    title = {{Initial Coin Offerings}},
    year = {2018},
    author = {Momtaz, Paul P},
    url = {https://ssrn.com/abstract=3166709}
}

@article{Fisch2018,
    title = {{Initial Coin Offerings (ICOs) to Finance New Ventures: An Exploratory Study}},
    year = {2018},
    journal = {SSRN Electronic Journal},
    author = {Fisch, Christian},
    url = {https://www.ssrn.com/abstract=3147521},
    doi = {10.2139/ssrn.3147521}
}

@article{Catalini2018,
    title = {{Initial Coin Offerings and the Value of Crypto Tokens}},
    year = {2018},
    journal = {Ssrn},
    author = {Catalini, Christian and Gans, Joshua S.},
    url = {http://www.nber.org/papers/w24418.pdf},
    institution = {National Bureau of Economic Research},
    address = {Cambridge, MA},
    doi = {10.2139/ssrn.3137213},
    keywords = {E42, L12, L26, blockchain, crowdfunding, crypto tokens, cryptocurrency, entrepreneurial finance, equity financing, initial coin offering, monetary policy, network effects}
}

@article{Kaal2018,
    title = {{Initial Coin Offerings: The Top 25 Jurisdictions and Their Comparative Regulatory Responses}},
    year = {2018},
    journal = {SSRN Electronic Journal},
    author = {Kaal, Wulf A.},
    url = {https://www.ssrn.com/abstract=3117224},
    doi = {10.2139/ssrn.3117224},
    issn = {1556-5068},
    keywords = {Artificial Intelligence, Big Data, Blockchain, Crytpo Economics, Data Science, Data Scientists, Distributed Ledger Technology, Diversification, Efficiency, Entrepreneur, Initial Coin Offerings, Innovation, Investor Protection, Machine Learning, Market Abuse, Optimization, Regulation, Start-up}
}

@unpublished{Block.one2017,
    title = {{Introducing EOS.IO Storage}},
    year = {2017},
    author = {{block.one}}
}

@article{Bitbns2018,
    title = {{Introducing Interest rates on Holding Cryptocurrency!}},
    year = {2018},
    journal = {Medium},
    author = {{Bitbns}},
    url = {https://medium.com/bitbns/introducing-interest-rates-on-holding-cryptocurrency-2d99b8e3ff9a}
}

@misc{Perez2019a,
    title = {{Introduction to Smart Contracts}},
    year = {2019},
    author = {Perez, Daniel},
    url = {http://bit.ly/smart-contract-intro}
}

@inproceedings{Shehhi2014,
    title = {{Investigating factors behind choosing a cryptocurrency}},
    year = {2014},
    booktitle = {IEEE International Conference on Industrial Engineering and Engineering Management},
    author = {Shehhi, Aamna Al and Oudah, Mayada and Aung, Zeyar},
    month = {12},
    pages = {1443--1447},
    publisher = {IEEE},
    url = {http://ieeexplore.ieee.org/document/7058877/},
    isbn = {978-1-4799-6410-9},
    doi = {10.1109/IEEM.2014.7058877}
}

@article{Beatty1986,
    title = {{Investment banking, reputation, and the underpricing of initial public offerings}},
    year = {1986},
    journal = {Journal of Financial Economics},
    author = {Beatty, Randolph P. and Ritter, Jay R.},
    number = {1-2},
    pages = {213--232},
    volume = {15},
    publisher = {North-Holland},
    url = {https://www.sciencedirect.com/science/article/pii/0304405X86900553},
    doi = {10.1016/0304-405X(86)90055-3},
    issn = {0304-405X}
}

@article{Yermack2015,
    title = {{Is Bitcoin a Real Currency? An Economic Appraisal}},
    year = {2015},
    journal = {Handbook of Digital Currency},
    author = {Yermack, David},
    pages = {31--43},
    publisher = {Elsevier},
    url = {http://linkinghub.elsevier.com/retrieve/pii/B9780128021170000023},
    isbn = {9780128021170},
    doi = {10.1016/B978-0-12-802117-0.00002-3}
}

@article{Griffin2018a,
    title = {{Is Bitcoin Really Un-Tethered?}},
    year = {2018},
    journal = {SSRN Electronic Journal},
    author = {Griffin, John M. and Shams, Amin},
    url = {https://www.ssrn.com/abstract=3195066},
    doi = {10.2139/ssrn.3195066},
    issn = {1556-5068}
}

@article{auditchain2019,
    title = {{Jason Meyers}},
    year = {2018},
    journal = {Auditchain},
    author = {{Auditchain}},
    url = {https://auditchain.com/jason-meyers/}
}

@article{Aune2017,
    title = {{Leakage in Distributed Ledgers Trading and Information Footprints on a Blockchain}},
    year = {2017},
    journal = {Journal of Trading},
    author = {Aune, Rune Tevasvold and Krellenstein, Adam and O'hara, Maureen and Slama, Ouziel},
    number = {3},
    pages = {5--13},
    volume = {12},
    url = {http://jot.iijournals.com/content/12/3/5https://doi.org/10.3905/http://jot.iijournals.com/http://jot.iijournals.com/},
    isbn = {2017.12.3.005},
    doi = {10.3905/jot.2017.12.3.005}
}

@misc{ledgerium2019,
    title = {{Ledgerium Whitepaper, Version 2.2}},
    year = {2019},
    booktitle = {Ledgerium},
    author = {Mehmood, Faisal and Cheah, Ivan and Golash, Rahul and Kellson, Ma and Ma, Kellson},
    url = {https://whitepaper.ledgerium.io/ https://whitepaper.ledgerium.io}
}

@article{Oehmke2014,
    title = {{Liquidating illiquid collateral}},
    year = {2014},
    journal = {Journal of Economic Theory},
    author = {Oehmke, Martin},
    number = {1},
    month = {1},
    pages = {183--210},
    volume = {149},
    url = {www.sciencedirect.comwww.elsevier.com/locate/jet https://linkinghub.elsevier.com/retrieve/pii/S0022053113000525},
    doi = {10.1016/j.jet.2013.02.001},
    issn = {00220531},
    keywords = {Collateral, Counterparty risk management, Creditor structure, Fire sales, Illiquidity, Liquidation, Repo market}
}

@article{Denonn1963,
    title = {{Liquidation of Collateral for Defaulted Loans in General and Under the Uniform Commercial Code}},
    year = {1963},
    journal = {Business Lawyer (ABA)},
    author = {Denonn, Lester E.},
    number = {4},
    pages = {1087--1102},
    volume = {18}
}

@article{Conrad2018,
    title = {{Long- and Short-Term Cryptocurrency Volatility Components: A GARCH-MIDAS Analysis}},
    year = {2018},
    journal = {Journal of Risk and Financial Management},
    author = {Conrad, Christian and Custovic, Anessa and Ghysels, Eric},
    number = {2},
    month = {5},
    pages = {23},
    volume = {11},
    publisher = {Multidisciplinary Digital Publishing Institute},
    url = {http://www.mdpi.com/1911-8074/11/2/23},
    doi = {10.3390/jrfm11020023},
    issn = {1911-8074},
    keywords = {Baltic dry index, Bitcoin volatility, GARCH, MIDAS, cyclical volatility, digital currency, pro, volume}
}

@article{Luu2016,
    title = {{Making Smart Contracts Smarter}},
    year = {2016},
    journal = {Proceedings of the ACM SIGSAC Conference on Computer and Communications Security},
    author = {Luu, Loi and Chu, Duc-Hiep and Olickel, Hrishi and Saxena, Prateek and Hobor, Aquinas},
    pages = {254--269},
    publisher = {ACM Press},
    url = {http://dl.acm.org/citation.cfm?doid=2976749.2978309},
    address = {New York},
    isbn = {9781450341394},
    doi = {10.1145/2976749.2978309},
    issn = {15437221},
    pmid = {3024360}
}

@misc{Gauntlet,
    title = {{Market Risk Assessment}},
    year = {2020},
    author = {{Gauntlet}},
    url = {https://gauntlet.network/reports/compound}
}

@article{Williamson,
    title = {{Markets and Hierarchies: Some Elementary Considerations}},
    journal = {The American Economic Review},
    author = {Williamson, Oliver E.},
    pages = {316--325},
    volume = {63},
    publisher = {American Economic Association},
    url = {https://www.jstor.org/stable/1817092},
    doi = {10.2307/1817092}
}

@misc{grange2016,
    title = {{Mesh World P2P Simulation Hypothesis}},
    year = {2016},
    booktitle = {DelphiTools},
    author = {Grange, Eric},
    url = {https://www.delphitools.info/DWSH/}
}

@inproceedings{Boubaker2013,
    title = {{Methodology and tool for business process compensation design}},
    year = {2013},
    booktitle = {Proceedings - IEEE International Enterprise Distributed Object Computing Workshop, EDOC},
    author = {Boubaker, Anis and Mili, Hafedh and Charif, Yasmine and Leshob, Abderrahmane},
    pages = {148--157},
    url = {https://ieeexplore.ieee.org/stamp/stamp.jsp?tp=&arnumber=6690546},
    doi = {10.1109/EDOCW.2013.23},
    issn = {15417719}
}

@inproceedings{Moreno-Sanchez2018a,
    title = {{Mind Your Credit: Assessing the Health of the Ripple Credit Network}},
    year = {2018},
    booktitle = {Proceedings of the 2018 World Wide Web Conference on World Wide Web - WWW '18},
    author = {Moreno-Sanchez, Pedro and Modi, Navin and Songhela, Raghuvir and Kate, Aniket and Fahmy, Sonia},
    pages = {329--338},
    publisher = {ACM Press},
    url = {https://doi.org/10.1145/3178876. http://dl.acm.org/citation.cfm?doid=3178876.3186099},
    address = {New York, New York, USA},
    isbn = {9781450356398},
    doi = {10.1145/3178876.3186099}
}

@article{Godley1999,
    title = {{Money and credit in a Keynesian model of income determination}},
    year = {1999},
    journal = {Cambridge Journal of Economics},
    author = {Godley, Wynne},
    number = {4},
    month = {7},
    pages = {393--411},
    volume = {23},
    publisher = {Oxford University Press},
    url = {https://academic.oup.com/cje/article-lookup/doi/10.1093/cje/23.4.393},
    doi = {10.1093/cje/23.4.393}
}

@article{Boot1994,
    title = {{Moral Hazard and Secured Lending in an Infinitely Repeated Credit Market Game}},
    year = {1994},
    journal = {International Economic Review},
    author = {Boot, Arnoud W. A. and Thakor, Anjan V.},
    number = {4},
    month = {11},
    pages = {899},
    volume = {35},
    url = {https://www.jstor.org/stable/2527003?origin=crossref},
    doi = {10.2307/2527003},
    issn = {00206598}
}

@techreport{Gebarowski2019,
    title = {{Multiscale cross--correlations and triangular arbitrage opportunities in the Forex}},
    year = {2019},
    author = {G{\c{e}}barowski, Robert and O{\'{s}}wi{\c{e}}cimka, Paweł and W{\c{a}}torek, Marcin and Dro{\.{z}}d{\.{z}}, Stanisław},
    url = {http://arxiv.org/abs/1906.07491},
    arxivId = {1906.07491},
    keywords = {Foreign exchange market, covariance, cross-correlation, multifractality, time series, triangular arbitrage}
}

@article{Phillips2018a,
    title = {{Mutual-Excitation of Cryptocurrency Market Returns and Social Media Topics}},
    year = {2018},
    journal = {Proceedings of the 4th International Conference on Frontiers of Educational Technologies  - ICFET '18},
    author = {Phillips, Ross C. and Gorse, Denise},
    pages = {80--86},
    url = {http://dl.acm.org/citation.cfm?doid=3233347.3233370},
    isbn = {9781450364720},
    doi = {10.1145/3233347.3233370},
    keywords = {cryptocurrency trading, social media data mining, topic modelling}
}

@article{Fry2016,
    title = {{Negative bubbles and shocks in cryptocurrency markets}},
    year = {2016},
    journal = {International Review of Financial Analysis},
    author = {Fry, John and Cheah, Eng-Tuck},
    pages = {343--352},
    volume = {47},
    publisher = {North-Holland},
    url = {https://www.sciencedirect.com/science/article/pii/S1057521916300163},
    doi = {10.1016/J.IRFA.2016.02.008},
    issn = {1057-5219}
}

@article{Diffie,
    title = {{New Directions in Cryptography}},
    year = {1976},
    journal = {IEEE Transactions},
    author = {Diffie, Whitfield and Hellman, Martin E.},
    number = {6},
    pages = {644--654},
    volume = {22},
    url = {https://caislab.kaist.ac.kr/lecture/2010/spring/cs548/basic/B08.pdf},
    doi = {10.1109/TIT.1976.1055638},
    issn = {15579654}
}

@article{Brenner1989,
    title = {{New Financial Instruments for Hedging Changes in Volatility}},
    year = {1989},
    journal = {Financial Analysts Journal},
    author = {Brenner, Menachem and Galai, Dan},
    pages = {61--65},
    volume = {45},
    publisher = {CFA Institute},
    url = {https://www.jstor.org/stable/4479241},
    doi = {10.2307/4479241}
}

@article{Birru2016,
    title = {{Nominal price illusion}},
    year = {2016},
    journal = {Journal of Financial Economics},
    author = {Birru, Justin and Wang, Baolian},
    number = {3},
    pages = {578--598},
    volume = {119},
    publisher = {North-Holland},
    url = {https://www.sciencedirect.com/science/article/pii/S0304405X16000349#!},
    doi = {10.1016/J.JFINECO.2016.01.027},
    issn = {0304-405X}
}

@article{baran1964distributed,
    title = {{On distributed communications networks}},
    year = {1964},
    journal = {IEEE transactions on Communications Systems},
    author = {Baran, Paul},
    edition = {1},
    number = {1},
    month = {3},
    pages = {1--9},
    volume = {12},
    publisher = {IEEE},
    url = {http://ieeexplore.ieee.org/document/1088883/},
    doi = {10.1109/TCOM.1964.1088883},
    issn = {00961965}
}

@inproceedings{Luu2015,
    title = {{On Power Splitting Games in Distributed Computation: The Case of Bitcoin Pooled Mining}},
    year = {2015},
    booktitle = {2015 IEEE 28th Computer Security Foundations Symposium},
    author = {Luu, Loi and Saha, Ratul and Parameshwaran, Inian and Saxena, Prateek and Hobor, Aquinas},
    month = {7},
    pages = {397--411},
    volume = {2015-Septe},
    publisher = {IEEE},
    url = {https://ieeexplore.ieee.org/document/7243747/},
    isbn = {978-1-4673-7538-2},
    doi = {10.1109/CSF.2015.34},
    issn = {10636900},
    keywords = {Bitcoin, Cryptocurrency, Distributed computation}
}

@unpublished{odom2015open,
    title = {{Open-Transactions: Secure Contracts between Untrusted Parties}},
    year = {2015},
    author = {Odom, Chris},
    url = {http://www.opentransactions.org/open-transactions.pdf}
}

@unpublished{pacio2020,
    title = {{Pacio White Paper}},
    year = {2020},
    author = {{Pacio}},
    url = {https://pacio.io/docs/PacioWhitePaper.pdf},
    institution = {Pacio}
}

@article{Mccoy,
    title = {{PharmaLeaks: Understanding the Business of Online Pharmaceutical Affiliate Programs}},
    author = {Mccoy, Damon and Pitsillidis, Andreas and Jordan, Grant and Weaver, Nicholas and Kreibich, Christian and Krebs, Brian and Voelker, Geoffrey M and Savage, Stefan and Levchenko, Kirill},
    url = {https://www.usenix.org/system/files/conference/usenixsecurity12/sec12-final204.pdf}
}

@article{SEC,
    title = {{Ponzi schemes Using virtual Currencies Ponzi Schemes Generally}},
    year = {2017},
    journal = {Investor Alert},
    author = {{SEC}},
    number = {153},
    url = {www.investor.gov}
}

@article{Phillips2018,
    title = {{Predicting cryptocurrency price bubbles using social media data and epidemic modelling}},
    year = {2018},
    journal = {2017 IEEE Symposium Series on Computational Intelligence, SSCI 2017 - Proceedings},
    author = {Phillips, Ross C. and Gorse, Denise},
    pages = {1--7},
    volume = {2018-Janua},
    isbn = {9781538627259},
    doi = {10.1109/SSCI.2017.8280809},
    issn = {0362028X},
    keywords = {cryptocurrency price bubbles, epidemic detection, hidden Markov model, social media data mining, trading strategy}
}

@article{Chen2017a,
    title = {{Predicting Price Changes in Ethereum}},
    year = {2017},
    journal = {Cs229.Stanford.Edu},
    author = {Chen, M and Narwal, N and Schultz, M},
    number = {2016},
    pages = {1--6},
    url = {http://cs229.stanford.edu/proj2017/final-reports/5244039.pdf}
}

@incollection{Catania2018,
    title = {{Predicting the Volatility of Cryptocurrency Time-Series}},
    year = {2018},
    booktitle = {Mathematical and Statistical Methods for Actuarial Sciences and Finance},
    author = {Catania, Leopoldo and Grassi, Stefano and Ravazzolo, Francesco},
    pages = {203--207},
    series = {CAMP Working Paper Series},
    publisher = {Springer International Publishing},
    url = {http://www.bi.no/camp http://link.springer.com/10.1007/978-3-319-89824-7_37},
    address = {Cham},
    doi = {10.1007/978-3-319-89824-7{\_}37}
}

@article{Gandal2018,
    title = {{Price manipulation in the Bitcoin ecosystem}},
    year = {2018},
    journal = {Journal of Monetary Economics},
    author = {Gandal, Neil and Hamrick, JT and Moore, Tyler and Oberman, Tali},
    number = {4},
    pages = {86--96},
    volume = {95},
    url = {https://linkinghub.elsevier.com/retrieve/pii/S0304393217301666},
    doi = {10.1016/j.jmoneco.2017.12.004},
    issn = {03043932},
    keywords = {Bitcoin, Cryptocurrencies, Exchange rate manipulation, Fraud}
}

@article{Sergey2017,
    title = {{Programming and proving with distributed protocols}},
    year = {2017},
    journal = {Proceedings of the ACM on Programming Languages},
    author = {Sergey, Ilya and Wilcox, James R. and Tatlock, Zachary},
    number = {POPL},
    pages = {1--30},
    volume = {2},
    publisher = {ACM},
    url = {http://dl.acm.org/citation.cfm?doid=3177123.3158116},
    doi = {10.1145/3158116}
}

@incollection{Jakobsson1999,
    title = {{Proofs of Work and Bread Pudding Protocols (Extended Abstract)}},
    year = {1999},
    booktitle = {Secure Information Networks},
    author = {Jakobsson, Markus and Juels, Ari},
    pages = {258--272},
    publisher = {Springer US},
    url = {http://link.springer.com/10.1007/978-0-387-35568-9_18},
    address = {Boston, MA},
    doi = {10.1007/978-0-387-35568-9{\_}18}
}

@misc{Hughes1993,
    title = {{PROTOCOL: Encrypted open books}},
    year = {1993},
    booktitle = {Cypherpunks Mailing List},
    author = {Hughes, Eric},
    url = {https://marc.info/?l=cypherpunks&m=85281390300988&w=3 https://marc.info/?l=cypherpunks&m=85281390301301&w=3}
}

@article{Song2013,
    title = {{Random generalized linear model: a highly accurate and interpretable ensemble predictor.}},
    year = {2013},
    journal = {BMC bioinformatics},
    author = {Song, Lin and Langfelder, Peter and Horvath, Steve},
    pages = {5},
    volume = {14},
    publisher = {BioMed Central},
    url = {http://www.ncbi.nlm.nih.gov/pubmed/23323760},
    doi = {10.1186/1471-2105-14-5},
    issn = {1471-2105},
    pmid = {23323760}
}

@article{Paquet-Clouston2019,
    title = {{Ransomware payments in the Bitcoin ecosystem}},
    year = {2019},
    journal = {Journal of Cybersecurity},
    author = {Paquet-Clouston, Masarah and Haslhofer, Bernhard and Dupont, Benoît},
    number = {1},
    month = {1},
    volume = {5},
    url = {https://academic.oup.com/cybersecurity/article/doi/10.1093/cybsec/tyz003/5488907},
    doi = {10.1093/cybsec/tyz003},
    issn = {2057-2085},
    arxivId = {1804.04080},
    keywords = {Bitcoin, economics, graph analysis, ransomware}
}

@misc{McCarthy2000,
    title = {{Re: Company centric view ends. Data goes to the Net.}},
    year = {2000},
    booktitle = {GL Dialtone},
    author = {McCarthy, William E.},
    month = {7},
    url = {http://linas.org/mirrors/www.gldialtone.com/2001.07.14/McCarthyPost.htm http://linas.org/mirrors/www.gldialtone.com/2001.07.14/ToddREAPost.htm}
}

@unpublished{Ibanez2020c,
    title = {{REA, Triple-Entry Accounting and Blockchain: Converging Paths to Shared Ledger Systems}},
    year = {2020},
    booktitle = {SSRN Electronic Journal},
    author = {Iba{\~{n}}ez, Juan Ignacio and Bayer, Chris N. and Tasca, Paolo and Xu, Jiahua},
    url = {https://docs.google.com/document/d/151Gh4qZ_g5VH2W2GEDuM_eR5EtQsCyLL-VLlKelOpKQ/edit https://www.ssrn.com/abstract=3602207},
    doi = {10.2139/ssrn.3602207},
    issn = {1556-5068}
}

@techreport{Kettering1999,
    title = {{Repledge and pre-default sale of securities collateral under revised Article 9}},
    year = {1999},
    booktitle = {Chicago-Kent Law Review},
    author = {Kettering, Kenneth C.},
    pages = {1109--1155},
    volume = {74}
}

@inproceedings{Perez2020c,
    title = {{Revisiting Transactional Statistics of High-scalability Blockchains}},
    year = {2020},
    booktitle = {ACM Internet Measurement Conference},
    author = {Perez, Daniel and Xu, Jiahua and Livshits, Benjamin},
    number = {20},
    month = {10},
    pages = {535--550},
    volume = {16},
    publisher = {ACM},
    url = {https://dl.acm.org/doi/10.1145/3419394.3423628},
    address = {New York, NY, USA},
    isbn = {9781450381383},
    keywords = {Blockchain, Data extraction, Internet measure-ments, Transactional throughput}
}

@article{Jahani2018,
    title = {{ScamCoins, S*** Posters, and the Search for the Next Bitcoin™: Collective Sensemaking in Cryptocurrency Discussions}},
    year = {2018},
    journal = {Proceedings of the ACM on Human-Computer Interaction},
    author = {Jahani, Eaman and Krafft, Peter M. and Suhara, Yoshihiko and Moro, Esteban and Pentland, Alex},
    pages = {79},
    volume = {2},
    publisher = {CSCW},
    url = {http://people.csail.mit.edu/pkrafft/papers/Collective_Sensemaking_in_Cryptocurrency_Discussions__main_.pdf},
    doi = {10.1145/3274348}
}

@misc{SEC2013,
    title = {{SEC Announces Enforcement Initiatives to Combat Financial Reporting and Microcap Fraud and Enhance Risk Analysis}},
    year = {2013},
    author = {{SEC}},
    url = {https://www.sec.gov/news/press-release/2013-2013-121htm#.VJm7DEAQE}
}

@article{SEC2018,
    title = {{SEC Files Subpoena Enforcement Against Investment Company Trust and Trustee for Failure to Produce Documents}},
    year = {2018},
    author = {{SEC}},
    url = {https://www.sec.gov/litigation/litreleases/2018/lr24308.htm}
}

@inproceedings{Haber1997,
    title = {{Secure names for bit-strings}},
    year = {1997},
    booktitle = {Proceedings of the ACM Conference on Computer and Communications Security},
    author = {Haber, Stuart and Stornetta, W. Scott},
    pages = {28--35},
    url = {https://nakamotoinstitute.org/static/docs/secure-names-bit-strings.pdf}
}

@article{Aitzhan2018,
    title = {{Security and Privacy in Decentralized Energy Trading Through Multi-Signatures, Blockchain and Anonymous Messaging Streams}},
    year = {2018},
    journal = {IEEE Transactions on Dependable and Secure Computing},
    author = {Aitzhan, Nurzhan Zhumabekuly and Svetinovic, Davor},
    number = {5},
    pages = {840--852},
    volume = {15},
    url = {https://ieeexplore.ieee.org/stamp/stamp.jsp?tp=&arnumber=7589035},
    doi = {10.1109/TDSC.2016.2616861},
    issn = {19410018},
    keywords = {Security and privacy, blockchain technologies, decentralized energy trading, smart grid systems}
}

@article{Chaum1985a,
    title = {{Security without identification: transaction systems to make big brother obsolete}},
    year = {1985},
    journal = {Communications of the ACM},
    author = {Chaum, David},
    number = {10},
    month = {10},
    pages = {1030--1044},
    volume = {28},
    url = {https://www.cosic.esat.kuleuven.be/apes/papers/p1030-chaum.pdf.gz},
    doi = {10.1145/4372.4373},
    issn = {00010782}
}

@article{Cukierman1992,
    title = {{Seigniorage and Political Instability}},
    year = {1992},
    journal = {American Economic Review},
    author = {Cukierman, A and Edwards, S and Tabellini, G},
    number = {3},
    pages = {537--555},
    volume = {82},
    url = {papers2://publication/uuid/5DCD1CD0-EC0B-4ACD-B80D-9B41F3FB2F9A},
    isbn = {00028282},
    doi = {10.2307/2117320},
    issn = {0002-8282}
}

@article{Foley2019,
    title = {{Sex, Drugs, and Bitcoin: How Much Illegal Activity Is Financed through Cryptocurrencies?}},
    year = {2019},
    journal = {Review of Financial Studies},
    author = {Foley, Sean and Karlsen, Jonathan R. and Putnins, Talis J.},
    number = {5},
    pages = {1798--1853},
    volume = {32},
    url = {https://academic.oup.com/rfs/article-abstract/32/5/1798/5427781},
    doi = {10.1093/rfs/hhz015},
    issn = {14657368}
}

@article{McCoy2008,
    title = {{Shining Light in Dark Places: Understanding the Tor Network}},
    year = {2008},
    journal = {Privacy Enhancing Technologies},
    author = {McCoy, Damon and Bauer, Kevin and Grunwald, Dirk and Kohno, Tadayoshi and Sicker, Douglas},
    pages = {63--76},
    publisher = {Springer Berlin Heidelberg},
    url = {http://link.springer.com/10.1007/978-3-540-70630-4_5},
    address = {Berlin, Heidelberg},
    doi = {10.1007/978-3-540-70630-4{\_}5}
}

@inproceedings{Perez2019b,
    title = {{Smart Contract Vulnerabilities: Vulnerable Does Not Imply Exploited}},
    year = {2019},
    author = {Perez, Daniel and Livshits, Benjamin},
    url = {http://arxiv.org/abs/1902.06710},
    arxivId = {1902.06710}
}

@article{Zhang2019,
    title = {{Smart Contract-Based Access Control for the Internet of Things}},
    year = {2019},
    journal = {IEEE Internet of Things Journal},
    author = {Zhang, Yuanyu and Kasahara, Shoji and Shen, Yulong and Jiang, Xiaohong and Wan, Jianxiong},
    number = {2},
    month = {4},
    pages = {1594--1605},
    volume = {6},
    url = {https://ieeexplore.ieee.org/document/8386853/},
    doi = {10.1109/JIOT.2018.2847705},
    issn = {2327-4662},
    keywords = {Access control, Contracts, Internet of Things, Permission, Registers, Servers, access control, blockchain, smart contract.}
}

@unpublished{xu2021dexAmm,
    title = {{SoK: Decentralized Exchanges (DEX) with Automated Market Maker (AMM) protocols}},
    year = {2021},
    author = {Xu, Jiahua and Vavryk, Nazariy and Paruch, Krzysztof and Cousaert, Simon},
    month = {3},
    url = {http://arxiv.org/abs/2103.12732},
    arxivId = {2103.12732}
}

@unpublished{Werner2021,
    title = {{SoK: Decentralized Finance (DeFi)}},
    year = {2021},
    author = {Werner, Sam M. and Perez, Daniel and Gudgeon, Lewis and Klages-Mundt, Ariah and Harz, Dominik and Knottenbelt, William J.},
    month = {1},
    url = {http://arxiv.org/abs/2101.08778},
    arxivId = {2101.08778},
    keywords = {Cryp-tocurrencies, DeFi, Ethereum, Index Terms-Decentralized Finance}
}

@article{Catalini2017,
    title = {{Some Simple Economics of the Blockchain}},
    year = {2019},
    journal = {SSRN Electronic Journal},
    author = {Catalini, Christian and Gans, Joshua S.},
    url = {https://coinmarketcap.com/ http://www.ssrn.com/abstract=2874598},
    doi = {10.2139/ssrn.2874598},
    issn = {1556-5068},
    keywords = {Bitcoin, Ethereum, ICOs, auctions, blockchain, cryptocurrency, distributed ledgers, initial coin offerings, market design, open source, smart contracts, tokens}
}

@article{Bariviera2017,
    title = {{Some stylized facts of the Bitcoin market}},
    year = {2017},
    journal = {Physica A: Statistical Mechanics and its Applications},
    author = {Bariviera, Aurelio F. and Basgall, María José and Hasperu{\'{e}}, Waldo and Naiouf, Marcelo},
    pages = {82--90},
    volume = {484},
    publisher = {North-Holland},
    url = {https://www.sciencedirect.com/science/article/pii/S0378437117304697},
    doi = {10.1016/J.PHYSA.2017.04.159},
    issn = {0378-4371}
}

@article{Cheah2015,
    title = {{Speculative bubbles in Bitcoin markets? An empirical investigation into the fundamental value of Bitcoin}},
    year = {2015},
    journal = {Economics Letters},
    author = {Cheah, Eng-Tuck and Fry, John},
    pages = {32--36},
    volume = {130},
    publisher = {North-Holland},
    url = {https://www.sciencedirect.com/science/article/pii/S0165176515000890},
    doi = {10.1016/J.ECONLET.2015.02.029},
    issn = {0165-1765}
}

@inproceedings{Klages-Mundt2020,
    title = {{Stablecoins 2.0: Economic Foundations and Risk-based Models}},
    year = {2020},
    booktitle = {2nd ACM Conference on Advances in Financial Technologies (AFT '20)},
    author = {Klages-Mundt, Ariah and Harz, Dominik and Gudgeon, Lewis and Liu, Jun-You and Minca, Andreea},
    address = {New York},
    doi = {10.1145/3419614.3423261},
    arxivId = {2006.12388},
    keywords = {Capital Structure Models, DeFi, Governance, Risk, Stablecoins}
}

@incollection{werner2020step,
    title = {{Step on the Gas? A Better Approach for Recommending the Ethereum Gas Price}},
    year = {2020},
    booktitle = {Mathematical Research for Blockchain Economy},
    author = {Werner, Sam M. and Pritz, Paul J. and Perez, Daniel},
    month = {3},
    pages = {161--177},
    publisher = {Springer},
    url = {http://link.springer.com/10.1007/978-3-030-53356-4_10},
    issn = {23318422},
    keywords = {Blockchain, Ethereum, Gas mechanism, Gas price oracle, Smart contracts}
}

@article{Mann2005,
    title = {{Strategy and Force in the Liquidation of Secured Debt}},
    year = {1997},
    journal = {Michigan Law Review},
    author = {Mann, Ronald J.},
    number = {2},
    month = {11},
    pages = {159},
    volume = {96},
    url = {https://www.jstor.org/stable/pdf/1290068.pdf},
    doi = {10.2307/1290068},
    issn = {00262234}
}

@incollection{Clack2018,
    title = {{Temporal Aspects of Smart Contracts for Financial Derivatives}},
    year = {2018},
    booktitle = {Lecture Notes in Computer Science},
    author = {Clack, Christopher D. and Vanca, Gabriel},
    month = {11},
    pages = {339--355},
    volume = {11247 LNCS},
    publisher = {Springer Verlag},
    url = {http://link.springer.com/10.1007/978-3-030-03427-6_26},
    isbn = {9783030034269},
    doi = {10.1007/978-3-030-03427-6{\_}26},
    issn = {16113349},
    arxivId = {1805.11677},
    keywords = {Distributed ledger, Finance, Semantics, Smart contract, Temporal}
}

@article{Lamport1982,
    title = {{The Byzantine Generals Problem}},
    year = {1982},
    journal = {ACM Transactions on Programming Languages and Systems},
    author = {Lamport, Leslie and Shostak, Robert and Pease, Marshall},
    number = {3},
    pages = {382--401},
    volume = {4},
    url = {http://people.cs.uchicago.edu/~shanlu/teaching/33100_wi15/papers/byz.pdf}
}

@article{Hall2012,
    title = {{The collateral channel: Evidence on leverage and asset tangibility}},
    year = {2012},
    journal = {Journal of Corporate Finance},
    author = {Hall, Thomas W.},
    number = {3},
    month = {6},
    pages = {570--583},
    volume = {18},
    url = {https://linkinghub.elsevier.com/retrieve/pii/S0929119911001301},
    doi = {10.1016/j.jcorpfin.2011.12.003},
    issn = {09291199},
    keywords = {Asset tangibility, Collateral, Debt maturity, Emerging markets, Leverage}
}

@inproceedings{gudgeon2020decentralized,
    title = {{The Decentralized Financial Crisis}},
    year = {2020},
    booktitle = {Crypto Valley Conference on Blockchain Technology},
    author = {Gudgeon, Lewis and Perez, Daniel and Harz, Dominik and Livshits, Benjamin and Gervais, Arthur},
    month = {2},
    pages = {1--15},
    isbn = {9781728193908},
    doi = {10.1109/CVCBT50464.2020.00005},
    keywords = {Cryptocurrencies, decentralized finance, financial crisis, financial risk, governance attack, stress-testing}
}

@article{Ciaian2016,
    title = {{The digital agenda of virtual currencies: Can BitCoin become a global currency?}},
    year = {2016},
    journal = {Information Systems and e-Business Management},
    author = {Ciaian, Pavel and Rajcaniova, Miroslava and Kancs, d’Artis A.},
    number = {4},
    month = {11},
    pages = {883--919},
    volume = {14},
    publisher = {Springer Berlin Heidelberg},
    url = {http://link.springer.com/10.1007/s10257-016-0304-0},
    doi = {10.1007/s10257-016-0304-0},
    issn = {16179854},
    keywords = {Attention-driven investment, BitCoin, Exchange rate, Financial indicators, Supply and demand, Virtual currency}
}

@inproceedings{Hamrick2018,
    title = {{The Economics of Cryptocurrency Pump and Dump Schemes}},
    year = {2019},
    booktitle = {Workshop on the Economics of Information Security},
    author = {Hamrick, JT and Rouhi, Farhang and Mukherjee, Arghya and Feder, Amir and Gandal, Neil and Moore, Tyler and Vasek, Marie},
    url = {https://weis2019.econinfosec.org/wp-content/uploads/sites/6/2019/05/WEIS_2019_paper_14.pdf},
    doi = {10.2139/ssrn.3303365}
}

@article{Johnson2001,
    title = {{The Elliptic Curve Digital Signature Algorithm (ECDSA)}},
    year = {2001},
    journal = {International Journal of Information Security},
    author = {Johnson, Don and Menezes, Alfred and Vanstone, Scott},
    number = {1},
    pages = {36--63},
    volume = {1},
    url = {https://link.springer.com/content/pdf/10.1007/s102070100002.pdf},
    doi = {10.1007/s102070100002},
    issn = {1615-5262}
}

@article{Tasca2018a,
    title = {{The evolution of the bitcoin economy: Extracting and analyzing the network of payment relationships}},
    year = {2018},
    journal = {Journal of Risk Finance},
    author = {Tasca, Paolo and Hayes, Adam and Liu, Shaowen},
    number = {2},
    pages = {94--126},
    volume = {19},
    url = {https://www.emeraldinsight.com/doi/pdfplus/10.1108/JRF-03-2017-0059},
    doi = {10.1108/JRF-03-2017-0059},
    issn = {09657967},
    keywords = {Bitcoin, Blockchain, Business analysis, Digital currencies, Network theory, Payment traceability}
}

@article{WorldEconomicForum2016,
    title = {{The Future of the Financial Infrastructure}},
    year = {2016},
    journal = {World Economic Forum},
    author = {{World Economic Forum}},
    number = {August},
    url = {http://www3.weforum.org/docs/WEF_The_future_of_financial_infrastructure.pdf}
}

@article{Casey2019a,
    title = {{The Kodak Syndrome: Risks and Opportunities Created by Decentralization of Forensic Capabilities}},
    year = {2019},
    journal = {Journal of Forensic Sciences},
    author = {Casey, Eoghan and Ribaux, Olivier and Roux, Claude},
    number = {1},
    month = {1},
    pages = {127--136},
    volume = {64},
    url = {http://doi.wiley.com/10.1111/1556-4029.13849},
    doi = {10.1111/1556-4029.13849},
    issn = {00221198},
    keywords = {Kodak syndrome, big data analysis, forensic intelligence, forensic science, intelligence-led strategies, knowledge management, problem-oriented policing, systematic knowledge reuse}
}

@article{LibraAssociation2019,
    title = {{The Libra Reserve}},
    year = {2019},
    author = {{Libra Association}},
    pages = {1--4},
    url = {https://libra.org/en-US/wp-content/uploads/sites/23/2019/06/TheLibraReserve_en_US.pdf}
}

@misc{buterin2017,
    title = {{The Meaning of Decentralization}},
    year = {2017},
    booktitle = {Medium},
    author = {Buterin, Vitalik},
    month = {2},
    url = {https://medium.com/@VitalikButerin/the-meaning-of-decentralization-a0c92b76a274#.tt97tzspw}
}

@article{Fenn2009,
    title = {{The mirage of triangular arbitrage in the spot foreign exchange market}},
    year = {2009},
    journal = {International Journal of Theoretical and Applied Finance},
    author = {Fenn, Daniel J. and Howison, Sam D. and McDonald, Mark and Williams, Stacy and Johnson, Neil F.},
    number = {8},
    month = {12},
    pages = {1105--1123},
    volume = {12},
    doi = {10.1142/S0219024909005609},
    issn = {02190249},
    arxivId = {0812.0913},
    keywords = {Foreign exchange market, Triangular arbitrage}
}

@article{Lin2016,
    title = {{The New Market Manipulation}},
    year = {2016},
    journal = {Emory Law Journal},
    author = {Lin, Tom C.W.},
    pages = {1253--1314},
    volume = {66},
    url = {https://heinonline.org/HOL/Page?handle=hein.journals/emlj66&id=1290&div=&collection=}
}

@article{Heires2016,
    title = {{The Risks and Rewards of Blockchain Technology}},
    year = {2016},
    journal = {Risk Management},
    author = {Heires, Katherine},
    number = {2},
    pages = {6--7},
    volume = {63},
    url = {https://search.proquest.com/docview/1784940419?accountid=28962}
}

@article{Bester1994,
    title = {{The Role of Collateral in a Model of Debt Renegotiation}},
    year = {1994},
    journal = {Journal of Money, Credit and Banking},
    author = {Bester, Helmut},
    number = {1},
    month = {2},
    pages = {72},
    volume = {26},
    url = {https://about.jstor.org/terms https://www.jstor.org/stable/2078035?origin=crossref},
    doi = {10.2307/2078035},
    issn = {00222879}
}

@incollection{Bellare1994,
    title = {{The Security of Cipher Block Chaining}},
    year = {1994},
    booktitle = {Advances in Cryptology — CRYPTO ’94},
    author = {Bellare, Mihir and Kilian, Joe and Rogaway, Phillip},
    pages = {341--358},
    volume = {839 LNCS},
    publisher = {Springer Berlin Heidelberg},
    url = {https://link.springer.com/content/pdf/10.1007/3-540-48658-5_32.pdf http://link.springer.com/10.1007/3-540-48658-5_32},
    address = {Berlin, Heidelberg},
    isbn = {9783540583332},
    doi = {10.1007/3-540-48658-5{\_}32},
    issn = {16113349}
}

@misc{Boyle2001,
    title = {{The WebLedger era has arrived}},
    year = {2001},
    author = {Boyle, Todd},
    url = {http://linas.org/mirrors/www.gldialtone.com/2001.07.14/}
}

@article{Kamps2018,
    title = {{To the moon: defining and detecting cryptocurrency pump-and-dumps}},
    year = {2018},
    journal = {Crime Science},
    author = {Kamps, Josh and Kleinberg, Bennett},
    number = {1},
    pages = {18},
    volume = {7},
    publisher = {Springer Berlin Heidelberg},
    url = {https://crimesciencejournal.springeropen.com/articles/10.1186/s40163-018-0093-5},
    doi = {10.1186/s40163-018-0093-5},
    issn = {2193-7680},
    keywords = {Cryptocurrencies,Fraud,Pump-and-dump,Anomaly detec, anomaly detection, cryptocurrencies, fraud, pump-and-dump}
}

@article{TokenMetrics2018,
    title = {{Token Metrics ICO rating methodology V2.0}},
    year = {2018},
    journal = {Medium},
    author = {{Token Metrics}},
    url = {https://medium.com/@tokenmetrics/token-metrics-ico-rating-methodology-v2-0-2f2cc20f5507}
}

@article{Cong2018a,
    title = {{Tokenomics: Dynamic Adoption and Valuation}},
    year = {2018},
    journal = {SSRN Electronic Journal},
    author = {Cong, Lin William and Li, Ye and Wang, Neng},
    url = {https://www.ssrn.com/abstract=3153860},
    doi = {10.2139/ssrn.3153860}
}

@article{Wang2020,
    title = {{Towards understanding flash loan and its applications in defi ecosystem}},
    year = {2020},
    author = {Wang, Dabao and Wu, Siwei and Lin, Ziling and Wu, Lei and Yuan, Xingliang and Zhou, Yajin and Wang, Haoyu and Ren, Kui},
    month = {10},
    url = {http://arxiv.org/abs/2010.12252},
    arxivId = {2010.12252},
    keywords = {Blockchain, DeFi, Flash Loan, Measurement}
}

@article{Laurier2012,
    title = {{Track and Trace Future, Present, and Past Product and Money Flows with a Resource-Event-Agent Model}},
    year = {2012},
    journal = {Information Systems Management},
    author = {Laurier, Wim and Poels, Geert},
    number = {2},
    month = {3},
    pages = {123--136},
    volume = {29},
    url = {http://www.tandfonline.com/doi/abs/10.1080/10580530.2012.662102},
    doi = {10.1080/10580530.2012.662102},
    issn = {1058-0530}
}

@article{Fabbri2010,
    title = {{Trade credit, collateral liquidation, and borrowing constraints}},
    year = {2010},
    journal = {Journal of Financial Economics},
    author = {Fabbri, Daniela and Menichini, Anna Maria C.},
    number = {3},
    month = {6},
    pages = {413--432},
    volume = {96},
    url = {https://linkinghub.elsevier.com/retrieve/pii/S0304405X10000425},
    doi = {10.1016/j.jfineco.2010.02.010},
    issn = {0304405X},
    keywords = {Asset tangibility, Collateral, Creditor protection, Financial constraints, Trade credit}
}

@article{Neupane2017,
    title = {{Trade-based manipulation: Beyond the prosecuted cases}},
    year = {2017},
    journal = {Journal of Corporate Finance},
    author = {Neupane, Suman and Rhee, S. Ghon and Vithanage, Kulunu and Veeraraghavan, Madhu},
    pages = {115--130},
    volume = {42},
    url = {http://dx.doi.org/10.1016/j.jcorpfin.2016.11.011},
    doi = {10.1016/j.jcorpfin.2016.11.011},
    issn = {09291199},
    keywords = {IPOs, Indian IPOs, Manipulation, Pump-and-dump scheme, Trade-based manipulation}
}

@article{Makarov2018,
    title = {{Trading and Arbitrage in Cryptocurrency Markets}},
    year = {2018},
    author = {Makarov, Igor and Schoar, Antoinette},
    url = {https://ssrn.com/abstract=3171204}
}

@article{Makarov2019,
    title = {{Trading and arbitrage in cryptocurrency markets}},
    year = {2019},
    journal = {Journal of Financial Economics},
    author = {Makarov, Igor and Schoar, Antoinette},
    month = {7},
    url = {https://linkinghub.elsevier.com/retrieve/pii/S0304405X19301746},
    doi = {10.1016/j.jfineco.2019.07.001},
    issn = {0304405X},
    keywords = {Arbitrage, Bitcoin, Capital controls, Cryptocurrencies, Price impact}
}

@misc{Rana2020,
    title = {{Triple entry accounting system: A revolution with blockchain}},
    year = {2020},
    booktitle = {DataSeries},
    author = {Rana, Kapil},
    url = {https://medium.com/dataseries/triple-entry-accounting-system-a-revolution-with-blockchain-768f4d8cabd8}
}

@article{cai2019triple,
    title = {{Triple-entry accounting with blockchain: How far have we come?}},
    year = {2019},
    journal = {Accounting {\&} Finance},
    author = {Cai, Cynthia Weiyi},
    month = {10},
    publisher = {Wiley Online Library},
    url = {https://onlinelibrary.wiley.com/doi/abs/10.1111/acfi.12556},
    doi = {10.1111/acfi.12556},
    issn = {0810-5391},
    keywords = {Accounting system, Blockchain, Triple-entry accounting}
}

@article{Heilman2017,
    title = {{TumbleBit: An Untrusted Bitcoin-Compatible Anonymous Payment Hub}},
    year = {2017},
    journal = {Proceedings 2017 Network and Distributed System Security Symposium},
    author = {Heilman, Ethan and AlShenibr, Leen and Baldimtsi, Foteini and Scafuro, Alessandra and Goldberg, Sharon},
    publisher = {Internet Society},
    url = {https://www.ndss-symposium.org/ndss2017/ndss-2017-programme/tumblebit-untrusted-bitcoin-compatible-anonymous-payment-hub/},
    address = {Reston, VA},
    isbn = {1-891562-46-0},
    doi = {10.14722/ndss.2017.23086}
}

@article{Leibowitz2018,
    title = {{UK Broker's Assets Frozen In SEC Pump-And-Dump Case}},
    year = {2018},
    journal = {Law360},
    author = {Leibowitz, Aaron},
    url = {https://www.law360.com/articles/1096335/uk-broker-s-assets-frozen-in-sec-pump-and-dump-case}
}

@article{Chen,
    title = {{Under-optimized smart contracts devour your money}},
    year = {2017},
    journal = {IEEE International Conference on Software Analysis, Evolution, and Reengineering},
    author = {Chen, Ting and Li, Xiaoqi and Luo, Xiapu and Zhang, Xiaosong},
    pages = {442--446},
    url = {http://ieeexplore.ieee.org/abstract/document/7884650/},
    isbn = {9781509055012},
    doi = {10.1109/SANER.2017.7884650},
    issn = {1089-7801 VO - 21},
    arxivId = {1703.03994}
}

@techreport{Chen2004,
    title = {{Using Random Forest to Learn Imbalanced Data}},
    year = {2004},
    author = {Chen, Chao and Liaw, Andy},
    url = {https://statistics.berkeley.edu/sites/default/files/tech-reports/666.pdf}
}

@article{Almgren1999,
    title = {{Value under liquidation}},
    year = {1999},
    journal = {Risk},
    author = {Almgren, Robert and Chriss, Neil},
    number = {12},
    pages = {61–63},
    volume = {12},
    url = {https://www.risk.net/infrastructure/1530394/value-under-liquidation}
}

@article{Katsiampa2017,
    title = {{Volatility estimation for Bitcoin: A comparison of GARCH models}},
    year = {2017},
    journal = {Economics Letters},
    author = {Katsiampa, Paraskevi},
    pages = {3--6},
    volume = {158},
    url = {http://linkinghub.elsevier.com/retrieve/pii/S0165176517302501},
    doi = {10.1016/j.econlet.2017.06.023}
}

@article{Tucker2018,
    title = {{What Blockchain Can’t Do}},
    year = {2018},
    journal = {Harvard Business Review},
    author = {Tucker, Catherine and Catalini, Christian},
    url = {https://hbr.org/2018/06/what-blockchain-cant-do}
}

@article{Catalini2017a,
    title = {{When early adopters don’t adopt}},
    year = {2017},
    journal = {Science},
    author = {Catalini, Christian and Tucker, Catherine},
    number = {6347},
    pages = {135--136},
    volume = {357},
    publisher = {American Association for the Advancement of Science},
    url = {http://www.ncbi.nlm.nih.gov/pubmed/28706029},
    doi = {10.1126/science.aal4476},
    issn = {10959203},
    pmid = {3241}
}

@article{grigg2011,
    title = {{“Is Bitcoin a Triple Entry System?” Financial Cryptography.}},
    year = {2011},
    author = {Cryptography, Financial}
}

@misc{ConsenSys20195Technology,
    title = {{5 Reasons Why Enterprise Ethereum Is So Much More Than a Distributed Ledger Technology}},
    year = {2019},
    booktitle = {ConsenSys},
    author = {{ConsenSys}},
    url = {https://consensys.net/enterprise-ethereum/best-blockchain-for-business/5-reasons-why-enterprise-ethereum-is-so-much-more-than-a-distributed-ledger-technology/}
}

@article{Ijiri1986ABookkeeping,
    title = {{A Framework for Triple-Entry Bookkeeping}},
    year = {1986},
    journal = {The Accounting Review},
    author = {Ijiri, Yuji},
    number = {4},
    month = {10},
    pages = {745--759},
    volume = {61},
    publisher = {American Accounting Association},
    url = {http://www.jstor.org/stable/247368},
    doi = {10.2307/247368},
    issn = {00014826}
}

@article{Campbell2005AAnalysis,
    title = {{A multiple account framework for cost-benefit analysis}},
    year = {2005},
    journal = {Evaluation and Program Planning},
    author = {Campbell, Harry F. and Brown, Richard P.C.},
    number = {1},
    month = {2},
    pages = {23--32},
    volume = {28},
    publisher = {Pergamon},
    doi = {10.1016/j.evalprogplan.2004.05.001},
    issn = {01497189},
    keywords = {Benefit-cost analysis, Cost-benefit analysis, Efficiency analysis, Environmental costs, Income distribution, Multiple account, Private sector project, Public sector project, Referent group analysis, Spreadsheet evaluation}
}

@article{LiASystems,
    title = {{A Survey on the Security of Blockchain Systems}},
    author = {Li, Xiaoqi and Jiang, Peng and Chen, Ting and Luo, Xiapu and Wen, Qiaoyan},
    url = {https://arxiv.org/pdf/1802.06993.pdf},
    arxivId = {1802.06993v2}
}

@book{GeAccountingEnglish,
    title = {{Accounting English}},
    author = {Ge, J.},
    url = {http://abook.cn/pdf/H-0535.0101.pdf}
}

@book{Gopal2009AccountingManagers,
    title = {{Accounting For Managers}},
    year = {2009},
    author = {Gopal, C. Rama},
    pages = {519},
    publisher = {New Age International}
}

@misc{Boyle2003AccountingInternet,
    title = {{Accounting Hypercubes on the Internet}},
    year = {2003},
    booktitle = {Ledgerism},
    author = {Boyle, Todd},
    month = {4},
    url = {http://web.archive.org/web/20060102014117/http://www.ledgerism.net/hypercub.htm}
}

@misc{McCarthy2016AccountingReality,
    title = {{Accounting Is Big Data: How Research Becomes Reality}},
    year = {2016},
    booktitle = { American Accounting Association},
    author = {McCarthy, William E.},
    month = {9},
    url = {https://aaahq.org/Meetings/2016/Accounting-Is-Big-Data-Conference/Video-Gallery/AIBD-Video-10-Public}
}

@inproceedings{Liu2018AnBlockchain,
    title = {{An automatic pattern recognition value system with listed banks based on blockchain}},
    year = {2018},
    booktitle = {Proceedings of 2018 IEEE 3rd Advanced Information Technology, Electronic and Automation Control Conference, IAEAC 2018},
    author = {Liu, Xiang and Yu, Tiantian},
    month = {12},
    pages = {1850--1854},
    publisher = {Institute of Electrical and Electronics Engineers Inc.},
    isbn = {9781538645086},
    doi = {10.1109/IAEAC.2018.8577773},
    keywords = {blockchain, listed banks, smart contracts, token mechanism, value system}
}

@article{Ashton1987AnDelay,
    title = {{An Empirical Analysis of Audit Delay}},
    year = {1987},
    journal = {Journal of Accounting Research},
    author = {Ashton, Robert H. and Willingham, John J. and Elliott, Robert K.},
    number = {2},
    month = {23},
    pages = {292},
    volume = {25},
    publisher = {JSTOR},
    url = {https://www.jstor.org/stable/2491018},
    doi = {10.2307/2491018},
    issn = {00218456}
}

@article{McCarthy1979AnModels,
    title = {{An Entity-Relationship View of Accounting Models}},
    year = {1979},
    journal = {The Accounting Review},
    author = {McCarthy, William E.},
    number = {4},
    pages = {667--686},
    volume = {54},
    publisher = {American Accounting Association},
    url = {https://www.jstor.org/stable/245625},
    doi = {10.2307/245625}
}

@book{Byeongju1916An,
    title = {{An Introduction on Traditional Double Entry Bookkeeping of Korea {\~{}}The Sagae Songdo Chibubeob for Practical Use and Self-Study (實用自修 四介松都治簿法)}},
    year = {1916},
    author = {Byeongju, Hyeon},
    url = {http://congress.crebox.com/korean/files/2_1478845480.pdf}
}

@techreport{CaiApproximationMarket,
    title = {{Approximation and Computation of Arbitrage in Frictional Foreign Exchange Market}},
    author = {Cai, Mao-Cheng and Deng, Xiaotie},
    url = {www.elsevier.nl/locate/entcs}
}

@misc{Alawadhi2015AuditFuture,
    title = {{Audit Analytics and Continuous Audit: Looking Toward the Future}},
    year = {2015},
    booktitle = {American Institute of Certified Public Accountants (AICPA)},
    author = {Alawadhi, A. and Ames, B. and Maciel de Aquino, C. E. and Arth{\'{u}}rsd{\'{o}}ttir, M. and Brennan, G. and Brown-Liburd, H. L. and Bumgarner, N. and Byrnes, P. and Criste, T. R. and Ghosh, S. and Gross, J. A. and Gullkvist, B. and Hardy, C. and J{\'{o}}nsson, H. M. and Lasslet, G. and Medinets, A. and Moon, D. and Miyaki, E. H. and Sigolo, N. and Sigurj{\'{o}}nsson, S. and Stewart, T. R. and Teeter, T. and Vasarhelyi, M. A. and Warren, J. D.},
    url = {https://competency.aicpa.org/media_resources/208500-audit-analytics-and-continuous-audit-looking-towar}
}

@misc{Boyle2003AutomaticReconciliation,
    title = {{Automatic Reconciliation}},
    year = {2003},
    booktitle = {Ledgerism},
    author = {Boyle, Todd},
    url = {http://web.archive.org/web/20050204064722/http://ledgerism.net/AutoReconciliation.htm}
}

@article{Cocco2017BankingTechnology,
    title = {{Banking on Blockchain: Costs Savings Thanks to the Blockchain Technology}},
    year = {2017},
    journal = {Future Internet},
    author = {Cocco, Luisanna and Pinna, Andrea and Marchesi, Michele},
    number = {3},
    month = {6},
    pages = {25},
    volume = {9},
    publisher = {MDPI AG},
    url = {http://www.mdpi.com/1999-5903/9/3/25},
    doi = {10.3390/fi9030025},
    issn = {1999-5903},
    keywords = {Banking, Bitcoin, Blockchain, Efficiency, Energy consumption, Sustainability}
}

@misc{BBiller2019BBILLER,
    title = {{BBILLER™}},
    year = {2019},
    booktitle = {The Brew},
    author = {{BBiller}},
    url = {http://fhcbrx.org/?page_id=143}
}

@article{ShahidBehaviorProject,
    title = {{Behavior of Bitcoin Returns and Adaptive Market Hypothesis (AMH) Calendar Anomalies in Stock Market: A Case of KSE 100 Index View project}},
    author = {Shahid, Muhammad Naeem},
    url = {https://www.researchgate.net/publication/334760739}
}

@article{Kiviat2015BeyondTranactions,
    title = {{Beyond Bitcoin: Issues in Regulating Blockchain Tranactions}},
    year = {2015},
    author = {Kiviat, Trevor I},
    pages = {569--608},
    volume = {65},
    url = {http://blog.bitpay.com/2014/06/18/espn-and-bitpay-enter-3-year-}
}

@misc{Groeneveld2019BigCommerce,
    title = {{Big Data in pharma cold chain logistics - Pharmaceutical Commerce}},
    year = {2019},
    booktitle = {Pharmaceutical Commerce},
    author = {Groeneveld, Marrie},
    month = {9},
    url = {https://pharmaceuticalcommerce.com/cold-chain-focus/big-data-in-pharma-cold-chain-logistics/}
}

@article{Narayanan2017BitcoinsPedigree,
    title = {{Bitcoin's academic pedigree}},
    year = {2017},
    journal = {Communications of the ACM},
    author = {Narayanan, Arvind and Clark, Jeremy},
    number = {12},
    month = {11},
    pages = {36--45},
    volume = {60},
    url = {https://users.encs.concordia.ca/~clark/papers/2017_cacm.pdf http://dl.acm.org/citation.cfm?doid=3167461.3132259},
    doi = {10.1145/3132259},
    issn = {00010782}
}

@phdthesis{Hambiralovic2018BlockchainNetwork,
    title = {{Blockchain Accounting in a Triple-Entry System Its Implications on the Firm and its Stakeholders, a Case Study on the Request Network}},
    year = {2018},
    author = {Hambiralovic, Mahir and Karlsson, Rasmus},
    school = {Lund University}
}

@misc{Holman2019BlockchainEBusiness,
    title = {{Blockchain and eBusiness}},
    year = {2019},
    booktitle = {LinkedIn},
    author = {Holman, Ken},
    month = {11},
    url = {https://www.linkedin.com/pulse/blockchain-ebusiness-ken-holman/}
}

@inproceedings{McCarthy2019BlockchainOeDBTR,
    title = {{Blockchain and eBusiness. The Open-edi Distributed Business Transaction Repository. ISO/IEC 15944-21 OeDBTR}},
    year = {2019},
    booktitle = {E-Invoicing Exchange Summit Singapore 2019},
    author = {McCarthy, William E. and Holman, G. Ken},
    address = {Singapore}
}

@article{Fanning2016BlockchainServices,
    title = {{Blockchain and Its Coming Impact on Financial Services}},
    year = {2016},
    journal = {Journal of Corporate Accounting {\&} Finance},
    author = {Fanning, Kurt and Centers, David P.},
    number = {5},
    month = {7},
    pages = {53--57},
    volume = {27},
    publisher = {Wiley},
    url = {http://doi.wiley.com/10.1002/jcaf.22179},
    doi = {10.1002/jcaf.22179},
    issn = {10448136}
}

@techreport{ICAEW2018BlockchainAccountancy,
    title = {{Blockchain and the future of accountancy}},
    year = {2018},
    author = {{ICAEW}},
    institution = {Institute of Chartered Accountants in England and Wales},
    isbn = {9781783639335}
}

@book{Mohanty2018BlockchainCoCo,
    title = {{Blockchain From Concept to Execution, BitCoin, Ethereum, Quorum, Ripple, R3 Corda, Hyperledger Fabric/SawTooth/Indy, MultiChain, IOTA, CoCo}},
    year = {2018},
    author = {Mohanty, Debajani},
    publisher = {BPB Publications},
    url = {https://play.google.com/books/reader?id=74xjDwAAQBAJ&hl=es&printsec=frontcover&pg=GBS.PR1},
    address = {New Delhi}
}

@article{Niforos2017BlockchainTrends,
    title = {{Blockchain in Financial Services in Emerging Markets, Part I: Current Trends}},
    year = {2017},
    journal = {World Bank Other Operational Studies},
    author = {Niforos, Marina},
    month = {8},
    volume = {30369},
    publisher = {The World Bank},
    url = {https://EconPapers.repec.org/RePEc:wbk:wboper:30369},
    keywords = {Emerging Markets, Finance and Financial Sector Development, Financial Literacy Finance and Financial Sector Development, Financial Regulation {\&} Supervision Information and Communication Technologies, Information Security {\&} Privacy Information and Communication Technologies, Information Technology International Economics and Trade, Trade Finance and Investment Private Sector Development}
}

@article{Guo2016BlockchainCourt,
    title = {{Blockchain Receipts: Patentability and Admissibility in Court}},
    year = {2016},
    journal = {Chicago-Kent Journal of Intellectual Property},
    author = {Guo, Angela},
    volume = {16},
    url = {https://heinonline.org/HOL/Page?handle=hein.journals/jointpro16&id=440&div=22&collection=journals}
}

@article{Aste2017BlockchainIndustry,
    title = {{Blockchain Technologies: The Foreseeable Impact on Society and Industry}},
    year = {2017},
    journal = {Computer},
    author = {Aste, Tomaso and Tasca, Paolo and Di Matteo, Tiziana},
    number = {9},
    pages = {18--28},
    volume = {50},
    publisher = {IEEE Computer Society},
    doi = {10.1109/MC.2017.3571064},
    issn = {00189162},
    keywords = {Bitcoin, DAO, blockchain, cryptocurrency, decentralized autonomous organization, decentralized organization, financial technology, hashing, proof of work}
}

@techreport{Andersen2016BlockchainAccounting,
    title = {{Blockchain Technology A game-changer in accounting?}},
    year = {2016},
    author = {Andersen, Nicolai},
    institution = {Deloitte}
}

@techreport{Bible2017BlockchainProfession,
    title = {{Blockchain Technology and Its Potential Impact on the Audit and Assurance Profession}},
    year = {2017},
    author = {Bible, William and Raphael, Jon and Taylor, Peter and Oris Valiente, Iliana},
    url = {https://www.aicpa.org/content/dam/aicpa/interestareas/frc/assuranceadvisoryservices/downloadabledocuments/blockchain-technology-and-its-potential-impact-on-the-audit-and-assurance-profession.pdf},
    institution = {Deloitte, Chartered Professional Accountants of Canada (CPA Canada), Association of International Certified Professional Accountants, University of Waterloo Centre for Information Integrity and Information System Assurance (UWCISA)}
}

@techreport{Arrunada2017BlockchainsExchange,
    title = {{Blockchain's Struggle to Deliver Impersonal Exchange Blockchain's Struggle to Deliver Impersonal Exchange Blockchain's Struggle to Deliver Impersonal Exchange}},
    year = {2017},
    booktitle = {Minnesota Journal of Law, Science {\&} Technology},
    author = {Arru{\~{n}}ada, Benito},
    pages = {55--105},
    volume = {19},
    url = {https://scholarship.law.umn.edu/mjlsthttps://scholarship.law.umn.edu/mjlst/vol19/iss1/2},
    keywords = {G38, H41, K11, K12, L85, O17, P48, blockchain, distributed ledgers, enforcement, impersonal exchange, property rights, smart contracts JEL: D23, transaction costs}
}

@misc{DiGregorio2017Blockchain:Costs,
    title = {{Blockchain: A new tool to cut costs}},
    year = {2017},
    booktitle = {Middle East Insurance Review. Pricewaterhousecoopers},
    author = {Di Gregorio, Max},
    url = {https://www.pwc.com/m1/en/media-centre/articles/blockchain-new-tool-to-cut-costs.html}
}

@article{Makridakis2019Blockchain:Prospects/applications,
    title = {{Blockchain: Current challenges and future prospects/applications}},
    year = {2019},
    journal = {Future Internet},
    author = {Makridakis, Spyros and Christodoulou, Klitos},
    number = {12},
    month = {12},
    pages = {274},
    volume = {11},
    publisher = {MDPI AG},
    url = {www.mdpi.com/journal/futureinternet},
    doi = {10.3390/FI11120258},
    issn = {19995903},
    keywords = {Blockchain, Certification, Decentralized Autonomous Organizations (DAO), Immutability, Intermediaries, Internet of Things (IoT), Internet of value, IoT, Smart contracts, Supply chains, Trust}
}

@article{Bystrom2019BlockchainsModeling,
    title = {{Blockchains, Real-time Accounting, and the Future of Credit Risk Modeling}},
    year = {2019},
    journal = {Ledger},
    author = {Bystr{\"{o}}m, Hans},
    month = {4},
    volume = {4},
    publisher = {University Library System, University of Pittsburgh},
    url = {http://ledger.pitt.edu/ojs/index.php/ledger/article/view/100},
    doi = {10.5195/ledger.2019.100},
    issn = {2379-5980}
}

@misc{Pacio2019CanTheWorld,
    title = {{Can Triple Entry Accounting Save the World?}},
    year = {2019},
    booktitle = {Pacio},
    author = {{Pacio}},
    month = {8},
    url = {https://pacio.io/2019/08/26/blockchaintech-can-triple-entry-accounting-save-the-world/}
}

@misc{Boyle2000CDEASchema,
    title = {{CDEA General Ledger Schema}},
    year = {2000},
    booktitle = {Ledgerism},
    author = {Boyle, Todd},
    month = {5},
    url = {https://web.archive.org/web/20071001201740/http://www.ledgerism.net/GLSchema1.txt}
}

@techreport{MaarojuCHOOSINGNP-PROBLEM,
    title = {{CHOOSING THE BEST HEURISTIC .OR A NP-PROBLEM}},
    booktitle = {International Journal of Information Technology},
    author = {Maaroju, Narendhar and Garg, Deepak},
    number = {2},
    pages = {537--547},
    volume = {1},
    keywords = {Evolutionary Algorithms, Heuristic, Hill climbing, NP-problems, Simulated Annealing, Support Vector Machines, premature convergence}
}

@techreport{Maaroju2009CHOOSINGNP-PROBLEM,
    title = {{CHOOSING THE BEST HEURISTIC FOR A NP-PROBLEM}},
    year = {2009},
    author = {Maaroju, Narendhar}
}

@article{Mitrokotsa2010ClassifyingDefenses,
    title = {{Classifying RFID attacks and defenses}},
    year = {2010},
    journal = {Information Systems Frontiers},
    author = {Mitrokotsa, Aikaterini and Rieback, Melanie R and Tanenbaum, Andrew S},
    number = {5},
    pages = {491--505},
    volume = {12},
    doi = {10.1007/s10796-009-9210-z},
    keywords = {Classification, RFID security {\textperiodcentered} RFID attacks {\textperiodcentered}}
}

@article{ForfirmComparisonCorda,
    title = {{Comparison of Ethereum, Hyperledger Fabric and Corda}},
    author = {{Forfirm}},
    url = {https://www.forfirm.com/comparison-of-ethereum-hyperledger-fabric-and-corda/}
}

@article{Borri2019ConditionalMarkets,
    title = {{Conditional tail-risk in cryptocurrency markets}},
    year = {2019},
    journal = {Journal of Empirical Finance},
    author = {Borri, Nicola},
    month = {1},
    pages = {1--19},
    volume = {50},
    url = {https://linkinghub.elsevier.com/retrieve/pii/S0927539818300781},
    doi = {10.1016/j.jempfin.2018.11.002},
    issn = {09275398}
}

@misc{Boyle2001ConsistentEcommerce,
    title = {{Consistent accounting recognition by parties in ecommerce}},
    year = {2001},
    booktitle = {Ledgerism},
    author = {Boyle, Todd},
    month = {3},
    url = {http://web.archive.org/web/20050209061623/http://ledgerism.net/consistent_accounting.htm}
}

@incollection{McCarthy1980ConstructionModelling,
    title = {{Construction and Use of Integrated Accounting Systems with Entity-Relationship Modelling}},
    year = {1980},
    booktitle = {In Entity-Relationship Approach to Systems Analysis and Design},
    author = {McCarthy, William E.},
    editor = {Chen, P.},
    month = {1},
    pages = {503--515},
    volume = {},
    publisher = {North Holland Publishing Company},
    url = {https://dl.acm.org/doi/10.5555/647508.726191}
}

@article{El-Halaby2016ContributionsBookkeeping-system,
    title = {{Contributions of early Muslim scholars to originality of bookkeeping-system}},
    year = {2016},
    journal = {Corporate Ownership and Control},
    author = {El-Halaby, Sherif and Hussainey, Khaled},
    number = {3},
    pages = {543--560},
    volume = {13},
    publisher = {Virtus Interpress},
    doi = {10.22495/cocv13i3c3p13},
    issn = {17279232}
}

@techreport{Hearn2019Corda:Ledger,
    title = {{Corda: A distributed ledger}},
    year = {2019},
    author = {Hearn, Mike and Brown, Richard Gendal},
    month = {8}
}

@article{Mekic2018CostTechnology,
    title = {{Cost benefit analysis of compromising ledger system based on blockchain technology}},
    year = {2018},
    journal = {BizInfo (Blace) Journal of Economics, Management and Informatics},
    author = {Meki{\'{c}}, Edis and Purkovi{\'{c}}, Safet and Lekpek, Ahmedin},
    number = {2},
    month = {12},
    pages = {27--38},
    volume = {9},
    publisher = {Centre for Evaluation in Education and Science (CEON/CEES)},
    url = {http://www.bizinfo.edu.rs/index.php/bizinfo/article/view/140},
    doi = {10.5937/bizinfo1802027m},
    issn = {2217-2769},
    keywords = {blockchain, cost benefit analysis, ledger}
}

@article{Kondo2009Cost-benefitGrids,
    title = {{Cost-benefit analysis of cloud codlputing versus desktop grids}},
    year = {2009},
    journal = {IPDPS 2009 - Proceedings of the 2009 IEEE International Parallel and Distributed Processing Symposium},
    author = {Kondo, Derrick and Javadi, Bahman and Malecot, Paul and Cappello, Franck and Anderson, David P.},
    pages = {1--12},
    publisher = {IPDPS},
    address = {},
    isbn = {9781424437504},
    doi = {10.1109/IPDPS.2009.5160911}
}

@article{GiudiciCryptoNetworks,
    title = {{Crypto price discovery through correlation networks}},
    journal = {Annals of Operations Research},
    author = {Giudici, Paolo and Polinesi, Gloria},
    url = {https://doi.org/10.1007/s10479-019-03282-3},
    doi = {10.1007/s10479-019-03282-3}
}

@book{Cotrugli1573DellaQuattro,
    title = {{Della Mercatura et del Mercante Perfetto. Libri Quattro}},
    year = {1573},
    author = {Cotrugli, Benedetto},
    url = {https://archive.org/details/bub_gb_Ohloe05v0-oC}
}

@misc{LeHors2019DemystifyingDecentralization,
    title = {{Demystifying Hyperledger Fabric Ordering and Decentralization}},
    year = {2019},
    booktitle = {IBM Developer},
    author = {Le Hors, Arnaud},
    url = {https://developer.ibm.com/articles/blockchain-hyperledger-fabric-ordering-decentralization/}
}

@misc{Boyle1999DifferentiatingGLs,
    title = {{Differentiating between web-based GLs}},
    year = {1999},
    author = {Boyle, Todd},
    month = {6},
    url = {https://linas.org/mirrors/www.gldialtone.com/2001.07.14/journalbus.htm}
}

@techreport{DistributedChain,
    title = {{Distributed Ledger Technology in the Supply Chain}},
    url = {http://blockchain.cs.ucl.ac.uk/wp-content/uploads/2019/08/DLT-in-the-Supply-Chain_UCL-CBT.pdf}
}

@article{Amera2018DoesSector,
    title = {{Does blockchain mean higher transparency in the financial sector?}},
    year = {2018},
    journal = {Revista de Contabilidad y Direcci{\'{o}}n},
    author = {Amera, Ibrahim},
    pages = {71--82},
    volume = {27},
    url = {https://accid.org/wp-content/uploads/2019/04/Does_Blockchain_mean_higher_transparency_in_the_financial_sectorlogo.pdf},
    keywords = {Blockchain, consortium block-chain, cryptocurrency, financial intermediation, private blockchain, public blockchain, transparency}
}

@misc{Boyle2000DraftLedger,
    title = {{Draft Schema for General Ledger}},
    year = {2000},
    booktitle = {Ledgerism},
    author = {Boyle, Todd},
    month = {7},
    url = {http://web.archive.org/web/20051003224536/http://ledgerism.net/GLSchemaDraft1.txt}
}

@article{Edwards1960EarlyAccounting,
    title = {{Early Bookkeeping and its Development into Accounting}},
    year = {1960},
    journal = {Business History Review},
    author = {Edwards, James Don},
    number = {4},
    pages = {446--458},
    volume = {34},
    publisher = {Cambridge University Press},
    url = {https://ideas.repec.org/a/cup/buhirw/v34y1960i04p446-458_04.html},
    doi = {https://doi.org/10.2307/3111429}
}

@misc{Boyle2003EmpiricalMetrics,
    title = {{Empirical Reputation Metrics}},
    year = {2003},
    booktitle = {Ledgerism},
    author = {Boyle, Todd},
    month = {10},
    url = {http://web.archive.org/web/20060106140404/http://ledgerism.net/reputation.htm}
}

@misc{Boyle2002End-to-endRelations,
    title = {{End-to-end principle in ledger relations}},
    year = {2002},
    booktitle = {Ledgerism},
    author = {Boyle, Todd},
    month = {6},
    url = {http://web.archive.org/web/20060518034443/http://www.ledgerism.net/end2end.htm}
}

@misc{CNN2020EnronFacts,
    title = {{Enron Fast Facts}},
    year = {2020},
    booktitle = {CNN},
    author = {{CNN}},
    month = {4},
    url = {https://edition.cnn.com/2013/07/02/us/enron-fast-facts/index.html}
}

@misc{Larimer2018EOS.IOV2.,
    title = {{EOS.IO Technical White Paper v2.}},
    year = {2018},
    booktitle = {GitHub},
    author = {Larimer, D. and Lee, G. and {TestZ} and Lavin, J. and Cox, T. and Hourt, N. and Ma, Q. and Prioriello, W.},
    url = {https://github.com/EOSIO/Documentation/blob/master/TechnicalWhitePaper.md}
}

@article{BaronchelliEvolutionaryMarket,
    title = {{Evolutionary dynamics of the cryptocurrency market}},
    author = {Baronchelli, Andrea and Elbahrawy, Abeer and Alessandretti, Laura and Kandler, Anne and Pastor-Satorras, Romualdo},
    url = {http://dx.doi.org/10.1098/rsos.170623Electronicsupplementarymaterialisavailableonlineathttps://dx.doi.org/10.6084/m9.figshare.c.3919681.},
    doi = {10.1098/rsos.170623},
    keywords = {Bitcoin, Subject Category: Computer science Subject Areas: computer modelling and simulation/mathematical modelling/complexity Keywords: cryptocurrency market, complex systems, evolutionary modelling, neutral model}
}

@misc{Boyle2000FAQ,
    title = {{FAQ}},
    year = {2000},
    booktitle = {GL Dialtone},
    author = {Boyle, Todd},
    url = {http://web.archive.org/web/20000827165329/http://www.gldialtone.com/PTR-FAQ.txt}
}

@misc{Odom2016FAQ,
    title = {{FAQ}},
    year = {2016},
    booktitle = {Open-Transactions},
    author = {Odom, Chris},
    url = {http://opentransactions.org/wiki/FAQ}
}

@misc{Boyle2003File-BasedViewpoint,
    title = {{File-Based Commerce (FBC) Architecture ver. 0.31 spec. Business Requirements Viewpoint}},
    year = {2003},
    booktitle = {Ledgerism},
    author = {Boyle, Todd},
    month = {8},
    url = {http://web.archive.org/web/20050211111755/http://ledgerism.net/fbc.htm}
}

@misc{Balanc32018FinancialAssets,
    title = {{Financial Management for Digital Assets}},
    year = {2018},
    booktitle = {Balanc3},
    author = {{Balanc3}},
    url = {https://web.archive.org/web/20180901222334/https://www.balanc3.net/}
}

@misc{Cook2016Fintech2.0,
    title = {{Fintech 2.0}},
    year = {2016},
    booktitle = {P2P Foundation},
    author = {Cook, Chris},
    month = {10},
    url = {https://blog.p2pfoundation.net/fintech-2-0/2016/10/06?cn-reloaded=1}
}

@misc{Auditchain2019FrequentlyQuestions,
    title = {{Frequently Asked Questions}},
    year = {2019},
    booktitle = {Auditchain},
    author = {{Auditchain}},
    url = {https://auditchain.com/faq/}
}

@incollection{Xu2021FromMarket,
    title = {{From banks to DeFi: the evolution of the lending market}},
    year = {2021},
    author = {Xu, Jiahua and Vadgama, Nikhil}
}

@techreport{Barrit2019FromSolution,
    title = {{From PoC to Production: Implementing an enterprise blockchain solution}},
    year = {2019},
    author = {Barrit, Jim and Sheth, Shodhan and Vile, Adam},
    url = {https://files.thoughtworks.com/pdfs/vakt-tw-poc-to-production.pdf},
    institution = {Vakt and ThoughtWorks},
    address = {}
}

@misc{Boyle2002GeneralRequirements,
    title = {{General Ledger Information Entities (GLIEs) library – Requirements}},
    year = {2002},
    booktitle = {Ledgerism},
    author = {Boyle, Todd},
    month = {1},
    url = {http://web.archive.org/web/20060101203128/http://www.ledgerism.net/requirementsGLIES.htm}
}

@misc{Boyle2003GeneralLedgerism,
    title = {{General Ledgerism}},
    year = {2003},
    booktitle = {Ledgerism},
    author = {Boyle, Todd},
    month = {4},
    url = {http://web.archive.org/web/20060425114848/http://ledgerism.net/}
}

@misc{Hildebrand2020GildedBusiness,
    title = {{Gilded Launches the Open Finance Platform for Business}},
    year = {2020},
    booktitle = {Gilded},
    author = {Hildebrand, Gil},
    month = {1},
    url = {https://medium.com/gilded/gilded-launches-the-open-finance-platform-for-business-5e27c86172f3}
}

@misc{Boyle2003GLTLedgers,
    title = {{GLT and GLR: Conceptual Architecture for General Ledgers}},
    year = {2003},
    booktitle = {Ledgerism},
    author = {Boyle, Todd},
    month = {7},
    url = {http://web.archive.org/web/20060629093406/http://ledgerism.net/GLT-GLR.htm}
}

@misc{LedgeriumGuides,
    title = {{Guides}},
    booktitle = {Ledgerium},
    author = {{Ledgerium}},
    url = {https://docs.ledgerium.io/docs}
}

@article{Katsiampa2019HighMarkets,
    title = {{High frequency volatility co-movements in cryptocurrency markets}},
    year = {2019},
    journal = {Journal of International Financial Markets, Institutions and Money},
    author = {Katsiampa, Paraskevi and Corbet, Shaen and Lucey, Brian},
    month = {6},
    url = {https://linkinghub.elsevier.com/retrieve/pii/S104244311930023X},
    doi = {10.1016/j.intfin.2019.05.003},
    issn = {10424431}
}

@unpublished{DeRoure2016HowMarket,
    title = {{How does P2P lending fit into the consumer credit market?}},
    year = {2016},
    author = {De Roure, Calebe and Pelizzon, Loriana and Tasca, Paolo},
    url = {http://www.bundesbank.de},
    isbn = {9783957292858}
}

@misc{Brown2015HowPrinciples,
    title = {{How to Explain the Value of Replicated, Shared Ledgers from First Principles}},
    year = {2015},
    booktitle = {Richard Gendal Brown: Thoughts on the Future of Finance},
    author = {Brown, Richard Gendal},
    month = {4},
    url = {https://gendal.me/2015/04/27/how-to-explain-the-value-of-replicated-shared-ledgers-from-first-principles/}
}

@article{Liu2019HowBlockchain,
    title = {{How Will Blockchain Technology Impact Auditing and Accounting: Permissionless versus Permissioned Blockchain}},
    year = {2019},
    journal = {Current Issues in Auditing},
    author = {Liu, Manlu and Wu, Kean and Xu, Jennifer Jie},
    number = {2},
    month = {9},
    pages = {A19-A29},
    volume = {13},
    publisher = {American Accounting Association},
    url = {http://meridian.allenpress.com/cia/article-pdf/13/2/A19/2428739/ciia-52540.pdf},
    doi = {10.2308/ciia-52540},
    issn = {1936-1270},
    keywords = {accounting, auditing, internal control, permissioned blockchain, permissionless blockchain}
}

@misc{Carlyle2020HowOxymoron,
    title = {{How “public-permissioned” blockchains are not an oxymoron}},
    year = {2020},
    booktitle = {R3},
    author = {Carlyle, J.},
    month = {2},
    url = {https://www.r3.com/blog/how-public-permissioned-blockchains-are-not-an-oxymoron-2/}
}

@misc{Dowlat2018ICOTrading,
    title = {{ICO Quality: Development {\&} Trading}},
    year = {2018},
    booktitle = {Medium},
    author = {Dowlat, Sherwin},
    month = {3},
    url = {http://web.archive.org/web/20191111120039/https://medium.com/@sherwin.dowlat/ico-quality-development-trading-e4fef28df04f}
}

@misc{IEEEPDF:,
    title = {{IEEE Xplore Full-Text PDF:}},
    url = {https://ieeexplore.ieee.org/stamp/stamp.jsp?arnumber=7979962}
}

@misc{Grigg2016In,
    title = {{In a nutshell: Ian Grigg's Ricardian contracts and digital assets prehistory –}},
    year = {2016},
    booktitle = {Bits on Blocks: Thoughts on Blockchain Technology},
    author = {Grigg, Ian},
    month = {11},
    url = {https://bitsonblocks.net/2016/11/22/in-a-nutshell-ian-griggs-ricardian-contracts-and-digital-assets-prehistory/}
}

@misc{Boyle2002Inter-ledgerMethods,
    title = {{Inter-ledger Semantics and Methods}},
    year = {2002},
    booktitle = {Ledgerism},
    author = {Boyle, Todd},
    month = {10},
    url = {http://web.archive.org/web/20050211110419/http://ledgerism.net/inter-ledger-requirementsVer0p23.htm}
}

@misc{Grigg2017InterviewGrigg,
    title = {{Interview with Ian Grigg}},
    year = {2017},
    booktitle = {Internet of Agreements},
    author = {Grigg, Ian},
    url = {http://internetofagreements.com/2017/12/25/interview-ian-grigg/}
}

@article{Scholarworks2018Intra-exchangeBot,
    title = {{Intra-exchange Cryptocurrency Arbitrage Bot}},
    year = {2018},
    author = {Scholarworks, Sjsu and Han, Eric},
    doi = {10.31979/etd.6xze-y9xu}
}

@techreport{GinigoadaFoundation2017IntroductionCourse,
    title = {{Introduction to Bookkeeping: A Flexible Learning Course}},
    year = {2017},
    author = {{Ginigoada Foundation}},
    address = {}
}

@misc{Grigg2011IsSystem,
    title = {{Is Bitcoin a triple entry system?}},
    year = {2011},
    booktitle = {Financial Cryptography},
    author = {Grigg, Ian},
    month = {6},
    url = {http://financialcryptography.com/mt/archives/001325.html}
}

@misc{ISO/IEC2015ISOOntology,
    title = {{ISO - ISO/IEC 15944-4:2007 - Information technology — Business Operational View — Part 4: Business transaction scenarios — Accounting and economic ontology}},
    year = {2015},
    booktitle = {ISO/IEC International Standard 15944-4. Second edition 2015-04-01},
    author = {{ISO/IEC}},
    url = {https://www.iso.org/standard/40348.html}
}

@misc{ISO2019ISONetworks,
    title = {{ISO - ISO/IEC CD 15944-21 - Information technology — Business operational view — Part 21: Guidance on the application of the open-edi business transaction ontology to distributed business transaction repositories and open value networks}},
    year = {2019},
    booktitle = {ISO},
    author = {{ISO}},
    url = {https://www.iso.org/standard/78924.html}
}

@misc{Boyle2003LedgerLedgers,
    title = {{Ledger Ontology - Towards semantics for content and behaviors of ledgers}},
    year = {2003},
    booktitle = {Ledgerism},
    author = {Boyle, Todd},
    month = {8},
    url = {http://web.archive.org/web/20080209023044/http://ledgerism.net:80/LedgerOntology.htm}
}

@techreport{Shleifer1992LiquidationApproach,
    title = {{Liquidation Values and Debt Capacity: A Market Equilibrium Approach}},
    year = {1992},
    booktitle = {Source: The Journal of Finance},
    author = {Shleifer, Andrei and Vishny, Robert W},
    number = {4},
    pages = {1343--1366},
    volume = {47}
}

@misc{Cook2002MarketVersion,
    title = {{Market 3.0: the final version}},
    year = {2002},
    booktitle = {Mondovisione},
    author = {Cook, Chris},
    month = {6},
    url = {https://mondovisione.com/exchanges/handbook-articles/market-30-the-final-version/}
}

@article{Ijiri1989MomentumMeasurements,
    title = {{Momentum Accounting And Triple-Entry Bookkeeping: Exploring The Dynamic Structure Of Accounting Measurements}},
    year = {1989},
    journal = {GSIA Working Papers},
    author = {Ijiri, Yuji},
    volume = {35},
    publisher = {Carnegie Mellon University, Tepper School of Business},
    url = {https://ideas.repec.org/p/cmu/gsiawp/88-89-35.html},
    keywords = {accounting, costs, forecasts, wealth}
}

@article{Ijiri1980MultidimensionalSociety,
    title = {{Multidimensional accounting and distributed databases: Their implications for organizations and society}},
    year = {1980},
    journal = {Accounting, Organizations and Society},
    author = {Ijiri, Yuji and Kelly, Edward C.},
    number = {1},
    month = {1},
    pages = {115--123},
    volume = {5},
    publisher = {Pergamon},
    doi = {10.1016/0361-3682(80)90027-6},
    issn = {03613682}
}

@article{Cherkassky1999Negative-cycleAlgorithms,
    title = {{Negative-cycle detection algorithms}},
    year = {1999},
    journal = {Digital Object Identifier},
    author = {Cherkassky, Boris V and Goldberg, Andrew V},
    pages = {277--311},
    volume = {85},
    url = {http://www.intertrust.com/star/goldberg/index.html},
    doi = {10.1007/s10107990053a}
}

@article{Dempster1996NumericalSwaptions,
    title = {{Numerical Valuation of Cross-Currency Swaps and Swaptions}},
    year = {1996},
    journal = {Article in SSRN Electronic Journal},
    author = {Dempster, Michael A H and Dempster, M A H and Hutton, J P},
    url = {https://www.researchgate.net/publication/2592914},
    doi = {10.2139/ssrn.40872}
}

@misc{CzarnekNxtAnalysis,
    title = {{Nxt Network: Energy and Cost Efficiency Analysis}},
    author = {Czarnek, Matthew and {Secondleo}},
    url = {https://es.scribd.com/document/254930279/Nxt-Network-Energy-and-Cost-Efficiency-Analysis}
}

@article{Macey2003ObservationsIndustry,
    title = {{Observations on the Role of Commodification, Independence, and Governance in the Accounting Industry}},
    year = {2003},
    journal = {Vilanova Law Review},
    author = {Macey, Jonathan and Sale, Hillary A},
    number = {4},
    pages = {1167--1188},
    volume = {48}
}

@techreport{DengOnFriction,
    title = {{On Computation of Arbitrage for Markets with Friction}},
    author = {Deng, Xiaotie and Li, Zhongfei and Wang, Shouyang}
}

@misc{Brown2016OnLedgers,
    title = {{On Distributed Databases and Distributed Ledgers}},
    year = {2016},
    booktitle = {Richard Gendal Brown: Thoughts on the Future of Finance},
    author = {Brown, Richard Gendal},
    month = {11},
    url = {https://gendal.me/2016/11/08/on-distributed-databases-and-distributed-ledgers/}
}

@techreport{Pacio2018PacioExtract,
    title = {{Pacio Technology. Pacio Whitepaper Extract}},
    year = {2018},
    author = {{Pacio}},
    url = {https://www.pacio.io/docs/Pacio_Technology.pdf}
}

@misc{Michael2019PlainAccounting,
    title = {{Plain Text Accounting}},
    year = {2019},
    booktitle = {Plain Text Accounting},
    author = {Michael, Simon},
    url = {https://plaintextaccounting.org/}
}

@article{Id2018PredictingMedia,
    title = {{Predicting altcoin returns using social media}},
    year = {2018},
    author = {Id, Lars Steinert and Herff, Christian},
    pages = {1--12},
    isbn = {1111111111}
}

@book{2019ProvableSecurity,
    title = {{Provable Security}},
    year = {2019},
    editor = {Steinfeld, Ron and Yuen, Tsz Hon},
    series = {Lecture Notes in Computer Science},
    volume = {11821},
    publisher = {Springer International Publishing},
    url = {http://link.springer.com/10.1007/978-3-030-31919-9},
    address = {Cham},
    isbn = {978-3-030-31918-2},
    doi = {10.1007/978-3-030-31919-9}
}

@misc{FigureTechnologies2019Provenance:Finance,
    title = {{Provenance: Creating the Future of Finance}},
    year = {2019},
    booktitle = {Provenance Whitepaper},
    author = {{Figure Technologies}},
    month = {7},
    url = {https://provenance.io/documents/Provenance%20Whitepaper%20-%202020.pdf}
}

@misc{Greenspan2018R3Review,
    title = {{R3 Corda: Deep dive and technical review}},
    year = {2018},
    booktitle = {MultiChain},
    author = {Greenspan, Gideon},
    month = {5},
    url = {https://www.multichain.com/blog/2018/05/r3-corda-deep-dive-and-technical-review/}
}

@misc{Lnsetteig2017R3sBlockchain,
    title = {{R3’s Corda uncovered: It’s not blockchain}},
    year = {2017},
    booktitle = {Global Trade Review},
    author = {L{\o}nsetteig, Aleya Begum},
    month = {1},
    url = {https://www.gtreview.com/magazine/volume-15issue-3/r3s-corda-uncovered-not-blockchain/}
}

@misc{Boyle2001RE:Specification,
    title = {{RE: initial draft of CPP-CPA Specification}},
    year = {2001},
    author = {Boyle, Todd},
    month = {1},
    url = {http://lists.ebxml.org/archives/ebxml-bp/200101/msg00089.html}
}

@misc{Haugen2000REACollaboration,
    title = {{REA, a semantic model for Internet supply chain collaboration}},
    year = {2000},
    booktitle = {OOPSLA Workshop on Business Object Components: Enterprise Application Integration, OOPSLA},
    author = {Haugen, Robert and McCarthy, William E.},
    month = {21},
    url = {http://www.jeffsutherland.org/oopsla2000/mccarthy/mccarthy.htm}
}

@article{FinoRegulationFees,
    title = {{Regulation Forces up FTSE 100 Audit Fees}},
    author = {Fino, J.},
    url = {https://economia.icaew.com/news/september-2018/regulation-forces-up-ftse-100-audit-fees}
}

@misc{Dorris2018ReportAbuse,
    title = {{Report to the Nations: 2018 Global Study on Occupational Fraud and Abuse}},
    year = {2018},
    author = {Dorris, Bruce},
    url = {https://s3-us-west-2.amazonaws.com/acfepublic/2018-report-to-the-nations.pdf}
}

@article{Dunn2016Resources-events-agentsDesign,
    title = {{Resources-events-agents design theory: A revolutionary approach to enterprise system design}},
    year = {2016},
    journal = {Communications of the Association for Information Systems},
    author = {Dunn, Cheryl and Gerard, Gregory J. and Grabski, Severin V.},
    number = {1},
    month = {5},
    pages = {554--595},
    volume = {38},
    publisher = {Association for Information Systems},
    url = {http://aisel.aisnet.org/cais/vol38/iss1/29},
    doi = {10.17705/1CAIS.03829},
    issn = {15293181},
    keywords = {Database, Design theory, Enterprise systems, Modeling, Resources-events-agents (REA)}
}

@book{Kim2019RoleApplications,
    title = {{Role of blockchain technology in IoT applications}},
    year = {2019},
    author = {Kim, Shiho and Chandra Deka, Ganesh and Zhang, Peng},
    publisher = {Academic Press}
}

@misc{Grigg2016SatoshiOut,
    title = {{Satoshi is dead - long live Satoshi - team leader comes out}},
    year = {2016},
    booktitle = {Financial Cryptography},
    author = {Grigg, Ian},
    month = {5},
    url = {http://financialcryptography.com/mt/archives/001593.html}
}

@misc{SECJames,
    title = {{SEC vs. St. James}},
    url = {https://www.morrisoncohen.com/siteFiles/files/2018_10_05 - SEC v_ Saint James Holding and Investment Company Trust and Jeffre James.pdf}
}

@techreport{Pacio2018SemanticCompetition,
    title = {{Semantic Blockchain for Business Data Competition}},
    year = {2018},
    author = {{Pacio}},
    month = {10},
    institution = {Pacio}
}

@misc{Boyle2001Services,
    title = {{Services}},
    year = {2001},
    booktitle = {GL Dialtone},
    author = {Boyle, Todd},
    url = {http://web.archive.org/web/20010120224200fw_/http://www.gldialtone.com/services.htm}
}

@misc{Boyle2003SharedSpecification,
    title = {{Shared Transaction Repository (STR)   ... a High Level Software Specification}},
    year = {2003},
    booktitle = {Ledgerism},
    author = {Boyle, Todd},
    month = {6},
    url = {http://web.archive.org/web/20060102052824/http://www.ledgerism.net/STR.htm}
}

@article{Lomax1918SignificantStudies,
    title = {{Significant Results of Missouri and New Mexico Commercial Education Studies}},
    year = {1918},
    journal = {The School Review: A Journal of Secondary Education},
    author = {Lomax, Paul S},
    number = {2},
    pages = {73--84},
    volume = {26},
    url = {http://www.journals.uchicago.edu/t-and-c}
}

@article{Mik2017SmartComplexity,
    title = {{Smart contracts: terminology, technical limitations and real world complexity}},
    year = {2017},
    journal = {Law, Innovation and Technology},
    author = {Mik, Eliza},
    number = {2},
    month = {7},
    pages = {269--300},
    volume = {9},
    publisher = {Taylor and Francis Ltd.},
    url = {https://www.tandfonline.com/doi/abs/10.1080/17579961.2017.1378468},
    doi = {10.1080/17579961.2017.1378468},
    issn = {1757997X},
    keywords = {Blockchains, bitcoin, contract law, distributed ledgers, smart contracts}
}

@article{Schilling2019SomeEconomics,
    title = {{Some simple bitcoin economics}},
    year = {2019},
    journal = {Journal of Monetary Economics},
    author = {Schilling, Linda and Uhlig, Harald},
    month = {10},
    pages = {16--26},
    volume = {106},
    publisher = {Elsevier B.V.},
    doi = {10.1016/j.jmoneco.2019.07.002},
    issn = {03043932},
    keywords = {Bitcoin, Cryptocurrency, Currency competition, Exchange rates}
}

@unpublished{Kiayias2016Speed-SecurityProtocols,
    title = {{Speed-Security Tradeos in Blockchain Protocols}},
    year = {2016},
    author = {Kiayias, Aggelos and Panagiotakos, Giorgos},
    url = {http://gavintech.blogspot.gr/2015/01/twenty-megabytes-testing-results.html}
}

@misc{Meunier2019SupplyCase,
    title = {{Supply chain is obviously not a blockchain use case}},
    year = {2019},
    booktitle = {Innovation in Finance},
    author = {Meunier, Sebastien},
    month = {5},
    url = {http://finnoworld.com/supply-chain-is-obviously-not-a-blockchain-use-case/}
}

@techreport{Pacio2019Tender.Contextpaper,
    title = {{Tender. Building Fair Money: Contextpaper}},
    year = {2019},
    author = {{Pacio}},
    url = {https://tender.buzz/docs/Tender.Buzz-NoTechPaper.pdf},
    institution = {Pacio}
}

@techreport{Pacio2019Tender.V1.0,
    title = {{Tender. Collaborative Open Economy White Paper V1.0}},
    year = {2019},
    author = {{Pacio}},
    url = {https://tender.buzz/docs/TenderEconomyWhitePaper.pdf},
    institution = {Pacio}
}

@techreport{Pacio2019Tender.1.1,
    title = {{Tender. Open Source Economy - Design Paper 1.1}},
    year = {2019},
    author = {{Pacio}},
    url = {https://tender.buzz/docs/Tender.Buzz-NoTechPaper.pdf},
    institution = {Pacio}
}

@misc{AB2019TheBlockchain,
    title = {{The Accounting Blockchain}},
    year = {2019},
    booktitle = {Accounting Blockchain},
    author = {{AB}},
    url = {https://www.theaccountingblockchain.io/}
}

@misc{Boyle2003TheCloud,
    title = {{The AR/AP Cloud}},
    year = {2003},
    booktitle = {Ledgerism},
    author = {Boyle, Todd},
    month = {4},
    url = {http://web.archive.org/web/20060101213250/http://www.ledgerism.net/arapcloud.htm}
}

@misc{Boyle2003TheEquation,
    title = {{The Argument to Abolish Double-Entry Accounting and Abolish the Assets=Liabilities + Owner's Equity Equation}},
    year = {2003},
    booktitle = {Ledgerism},
    author = {Boyle, Todd},
    month = {7},
    url = {http://web.archive.org/web/20031208235246/http://ledgerism.net/GLSchema2.txt}
}

@techreport{Poon2016ThePayments,
    title = {{The Bitcoin Lightning Network: Scalable Off-Chain Instant Payments}},
    year = {2016},
    author = {Poon, Joseph and Dryja, Thaddeus}
}

@techreport{Brown2018TheIntroduction,
    title = {{The Corda Platform: An Introduction}},
    year = {2018},
    author = {Brown, Richard Gendal},
    institution = {R3 Corda Whitepaper}
}

@article{Miller2016TheEnigma,
    title = {{The cryptocurrency enigma}},
    year = {2016},
    journal = {Digital Forensics},
    author = {Miller, Preston},
    month = {1},
    pages = {1--25},
    publisher = {Syngress},
    url = {https://www.sciencedirect.com/science/article/pii/B9780128045268000010},
    isbn = {9780128045268},
    doi = {10.1016/B978-0-12-804526-8.00001-0}
}

@book{Damodaran2009TheBusinesses,
    title = {{The Dark Side of Valuation: Valuing Young, Distressed, and Complex Businesses}},
    year = {2009},
    author = {Damodaran, Aswath},
    month = {6},
    publisher = {FT Press},
    url = {https://books.google.com.ar/books?id=1FnTLtFPcU4C&lr=&hl=es&source=gbs_navlinks_s}
}

@article{Tasca2018TheEconomy,
    title = {{The evolution of the bitcoin economy}},
    year = {2018},
    journal = {The Journal of Risk Finance},
    author = {Tasca, Paolo and Hayes, Adam and Liu, Shaowen},
    number = {2},
    month = {3},
    pages = {94--126},
    volume = {19},
    publisher = {Emerald Publishing Limited },
    url = {http://www.emeraldinsight.com/doi/10.1108/JRF-03-2017-0059},
    doi = {10.1108/JRF-03-2017-0059},
    issn = {1526-5943},
    keywords = {Bitcoin, Blockchain, Business analysis, Digital currencies, E42, L14, Network theory, O12, O35, P40, Payment traceability}
}

@techreport{Gee2019TheWorld,
    title = {{The Financial Cost of Fraud 2019: The Latest Data From Around the world}},
    year = {2019},
    author = {Gee, Jim and Button, Mark},
    institution = {Crowe Clark Whitehill}
}

@techreport{Thomassen1989TheNP-Complete,
    title = {{The Graph Genus Problem Is NP-Complete}},
    year = {1989},
    booktitle = {JOURNAL OF ALGORITHMS},
    author = {Thomassen, Carsten},
    pages = {568--576},
    volume = {10}
}

@misc{Boyle2003TheBarter,
    title = {{The Illiquidity of Cash. Nonquantified Multiparty Barter}},
    year = {2003},
    booktitle = {Ledgerism},
    author = {Boyle, Todd},
    month = {12},
    url = {http://web.archive.org/web/20060102013434/http://www.ledgerism.net/nonquantified.htm}
}

@article{ALSaqa2019TheSystems,
    title = {{The impact of blockchain on accounting information systems}},
    year = {2019},
    journal = {Journal of Information Technology Management},
    author = {ALSaqa, Zeyad Hashim and Hussein, Ali Ibrahim and Mahmood, Saddam Mohammed},
    number = {3},
    month = {9},
    pages = {62--80},
    volume = {11},
    publisher = {University of Tehran},
    url = {https://jitm.ut.ac.ir/article_74301.html},
    doi = {10.22059/jitm.2019.74301},
    issn = {24235059},
    keywords = {Accounting information systems, Blockchain, Cryptocurrency, Triple entry}
}

@article{Hsieh2018TheIjiri,
    title = {{The intellectual development of Yuji Ijiri}},
    year = {2018},
    journal = {Accounting History},
    author = {Hsieh, Pei-Gin},
    number = {4},
    month = {11},
    pages = {541--554},
    volume = {23},
    publisher = {SAGE Publications Ltd},
    url = {http://journals.sagepub.com/doi/10.1177/1032373217744289},
    doi = {10.1177/1032373217744289},
    issn = {1032-3732},
    keywords = {Yuji Ijiri, causal double-entry bookkeeping, dynamic structure of accounting measurements, historical cost accounting, momentum accounting, triple-entry bookkeeping}
}

@misc{BitsnCoins2019TheSatoshi,
    title = {{The Many Facts Pointing to Ian Grigg Being Satoshi}},
    year = {2019},
    author = {{Bits n Coins}},
    month = {12},
    url = {https://www.bitscoins.net/the-many-facts-pointing-to-ian-grigg-being-satoshi/}
}

@misc{Boyle2000TheProject,
    title = {{The Public Transaction Repository (PTR) project}},
    year = {2000},
    booktitle = {GL Dialtone},
    author = {Boyle, Todd},
    url = {http://web.archive.org/web/20000622133330/http://www.gldialtone.com/PTR.htm}
}

@article{McCarthy1982TheEnvironment,
    title = {{The REA Accounting Model: A Generalized Framework for Accounting Systems in a Shared Data Environment}},
    year = {1982},
    journal = {The Accounting Review},
    author = {McCarthy, William E.},
    number = {3},
    month = {7},
    pages = {554--578},
    volume = {57},
    publisher = {American Accounting Association},
    url = {https://www.jstor.org/stable/246878},
    doi = {10.2307/246878}
}

@misc{GriggTheContract,
    title = {{The Ricardian Contract}},
    booktitle = {Systemics Inc},
    author = {Grigg, Ian},
    url = {https://iang.org/papers/ricardian_contract.html}
}

@misc{Boyle2001TheExplanation,
    title = {{The Shared Transaction Repository (STR) Accountant's Explanation}},
    year = {2001},
    booktitle = {GL Dialtone},
    author = {Boyle, Todd},
    url = {http://linas.org/mirrors/www.gldialtone.com/2001.07.14/STRaccountant.htm}
}

@misc{Boyle2001TheSpec.,
    title = {{The Shared Transaction Repository (STR) ver. 0.60 spec.}},
    year = {2001},
    booktitle = {GL Dialtone},
    author = {Boyle, Todd},
    url = {http://linas.org/mirrors/www.gldialtone.com/2001.07.14/STR.htm}
}

@misc{Balanc32016TheSystem,
    title = {{The Smart Contract Powered Triple-Entry Accounting System}},
    year = {2016},
    booktitle = {Balanc3},
    author = {{Balanc3}},
    url = {http://web.archive.org/web/20161128011202/http://balanc3.net/}
}

@misc{Hildebrand2018TheCryptocurrency,
    title = {{The Strikingly Simple New Way To Get Paid in Cryptocurrency}},
    year = {2018},
    booktitle = {Gilded},
    author = {Hildebrand, Gil},
    month = {3},
    url = {https://medium.com/gilded/the-strikingly-simple-new-way-to-get-paid-in-cryptocurrency-609ecbd8a80a}
}

@book{Kuhn1962TheRevolutions,
    title = {{The structure of scientific revolutions}},
    year = {1962},
    author = {Kuhn, Thomas S.},
    publisher = {University of Chicago Press}
}

@misc{HelselTheHabits,
    title = {{The Uncovering of Satoshi Nakamoto Through Literary Habits?}},
    booktitle = {CryptoCoin Mastery},
    author = {Helsel, Brett},
    url = {https://cryptocoinmastery.com/the-uncovering-of-satoshi-through-literary-habits/}
}

@article{Antonio1979TheBusiness,
    title = {{The Visible Hand: The Managerial Revolution in American Business}},
    year = {1979},
    journal = {Telos},
    author = {Antonio, Robert J.},
    number = {42},
    month = {1},
    pages = {188--193},
    volume = {1979},
    publisher = {Telos Press},
    url = {http://journal.telospress.com/content/1979/42/188},
    doi = {10.3817/1279042188},
    issn = {0090-6514}
}

@book{Ijiri1975TheoryMeasurement,
    title = {{Theory of Accounting Measurement}},
    year = {1975},
    author = {Ijiri, Yuji},
    publisher = {American Accounting Association},
    address = {Sarasota}
}

@misc{Grigg2020ThoughtsAccounting,
    title = {{Thoughts on momentum accounting}},
    year = {2020},
    booktitle = {Financial Cryptography},
    author = {Grigg, Ian},
    month = {1},
    url = {http://financialcryptography.com/mt/archives/001655.html#more}
}

@phdthesis{Dai2017ThreeApp,
    title = {{Three essays on audit technology: audit 4.0, blockchain, and audit app}},
    year = {2017},
    author = {Dai, Jun},
    url = {https://www.semanticscholar.org/paper/Three-essays-on-audit-technology%3A-audit-4.0%2C-and-Dai/84c45f321f23b33b6117e5cee1e1d62807478141},
    school = {The State University of New Jersey},
    address = {New Jersey}
}

@misc{Boyle2001ToddResume,
    title = {{Todd Boyle - Resume}},
    year = {2001},
    booktitle = {GL Dialtone},
    author = {Boyle, Todd},
    url = {http://web.archive.org/web/20010120224200fw_/http://www.gldialtone.com/resume.htm}
}

@techreport{EY2019TotalSolutions,
    title = {{Total cost of ownership for blockchain solutions}},
    year = {2019},
    author = {{EY}},
    institution = {Amendment of Fundamental Cost of Ownership for Private Blockchain Solutions, With Updated Information on Public Blockchain Deployment Options and Updated Conclusions. Ernst {\&} Young}
}

@article{Kim2018TowardProvenance,
    title = {{Toward an ontology-driven blockchain design for supply-chain provenance}},
    year = {2018},
    journal = {Intelligent Systems in Accounting, Finance and Management},
    author = {Kim, Henry M. and Laskowski, Marek},
    number = {1},
    month = {1},
    pages = {18--27},
    volume = {25},
    publisher = {Academic Press Inc.},
    url = {https://onlinelibrary.wiley.com/doi/full/10.1002/isaf.1424},
    doi = {10.1002/isaf.1424},
    issn = {21600074},
    keywords = {Ethereum, blockchain, distributed ledger, enterprise modeling, ontology, provenance, smart contracts, supply-chain provenance, traceability}
}

@article{Golan2003TraceabilitySuperhighway,
    title = {{Traceability in the US Food Supply: Dead End or Superhighway?}},
    year = {2003},
    journal = {Choices},
    author = {Golan, Elise and Krissoff, Barry and Kuchler, Fred and Nelson, Ken and Price, Greg and Calvin, Linda},
    number = {2},
    pages = {17--20},
    volume = {18},
    publisher = {Agricultural {\&} Applied Economics Association},
    url = {https://www.jstor.org/stable/pdf/choices.18.2.0017.pdf},
    doi = {10.2307/choices.18.2.0017}
}

@article{Aiba2002TriangularRates,
    title = {{Triangular arbitrage as an interaction among foreign exchange rates}},
    year = {2002},
    journal = {Physica A: Statistical Mechanics and its Applications},
    author = {Aiba, Yukihiro and Hatano, Naomichi and Takayasu, Hideki and Marumo, Kouhei and Shimizu, Tokiko},
    number = {3-4},
    month = {7},
    pages = {467--479},
    volume = {310},
    doi = {10.1016/S0378-4371(02)00799-9},
    issn = {03784371},
    arxivId = {cond-mat/0202391},
    keywords = {Econophysics, Financial markets, Foreign exchange, Stochastic process, Triangular arbitrage}
}

@inproceedings{Groblacher2019TripleConcept,
    title = {{Triple - Entry Bookkeeping: History and Benefits of the Concept}},
    year = {2019},
    booktitle = {Proceedings of the 6th International Scientific Conference - FINIZ 2019},
    author = {Gr{\"{o}}blacher, Marlene and Mizdrakovi{\'{c}}, Vule},
    month = {12},
    pages = {58--61},
    publisher = {Singidunum University},
    url = {http://portal.finiz.singidunum.ac.rs/paper/42558},
    address = {Belgrade, Serbia},
    isbn = {978-86-7912-714-3},
    doi = {10.15308/finiz-2019-58-61},
    keywords = {audit, blockchain, distributed ledger technology, double entry bookkeeping}
}

@misc{Grigg2005TripleAccounting,
    title = {{Triple Entry Accounting}},
    year = {2005},
    booktitle = {Systemics Inc.},
    author = {Grigg, Ian},
    url = {https://iang.org/papers/triple_entry.html}
}

@article{Simoyama2017TripleAuditing,
    title = {{Triple entry ledgers with blockchain for auditing}},
    year = {2017},
    journal = {International Journal of Auditing Technology},
    author = {Simoyama, Felipe De Oliveira and Grigg, Ian and Bueno, Ricardo Luiz Pereira and Oliveira, Ludmila Cavarzere De},
    number = {3},
    pages = {163},
    volume = {3},
    publisher = {Inderscience Publishers},
    doi = {10.1504/ijaudit.2017.086741},
    issn = {1757-8752},
    keywords = {blockchain, corruption, court of accounts, public accounts}
}

@book{Ijiri1982Triple-entryMomentum,
    title = {{Triple-entry Bookkeeping and Income Momentum}},
    year = {1982},
    author = {Ijiri, Yuji},
    publisher = {American Accounting Association},
    address = {Sarasota}
}

@book{FrancoUnderstandingEconomics,
    title = {{Understanding Bitcoin: Cryptography, Engineering and Economics}},
    author = {Franco, Pedro},
    publisher = {Wiley},
    url = {https://www.wiley.com/en-us/Understanding+Bitcoin%3A+Cryptography%2C+Engineering+and+Economics-p-9781119019169},
    address = {Chichester (UK)}
}

@misc{SzaboUnenumerated:Gold,
    title = {{Unenumerated: Bit gold}},
    author = {Szabo, Nick},
    url = {https://unenumerated.blogspot.com/2005/12/bit-gold.html}
}

@misc{Boyle2003Uniform.05.,
    title = {{Uniform Economic Event Notification (UEEN) ver .05.}},
    year = {2003},
    booktitle = {Ledgerism},
    author = {Boyle, Todd},
    month = {7},
    url = {http://web.archive.org/web/20050830154015/http://ledgerism.net/UEEN05.htm}
}

@misc{HelmsUSResponse,
    title = {{US Worried Crypto Could Undermine Dollar as World Reserve Currency, Hiring Researchers to Prepare Response}},
    booktitle = {Bitcoin News},
    author = {Helms, Kevin},
    url = {https://news.bitcoin.com/crypto-reserve-currency/}
}

@incollection{Murphy2002UsingIntangibles,
    title = {{Using Cost Benefit Analysis for Enterprise Resource Planning Project Evaluation: a Case for Including Intangibles}},
    year = {2002},
    booktitle = {Enterprise Resource Planning: Global Opportunities and Challenges},
    author = {Murphy, Kenneth E. and Simon, Steven John},
    chapter = {14},
    month = {5},
    pages = {245--266},
    publisher = {IRM Press},
    url = {http://services.igi-global.com/resolvedoi/resolve.aspx?doi=10.4018/978-1-931777-06-3.ch014},
    address = {Hershey},
    doi = {10.4018/978-1-931777-06-3.ch014},
    keywords = {Book Chapter, Business {\&} Management, Cost Benefit Analysis, Customer Satisfaction, Enterprise Resource Planning, IGI Global, IRM Press, IS Evaluation, IT costs, Information Systems, Kenneth E. Murphy, Steven John Simon}
}

@article{Katsiampa2019VolatilityAnalysis,
    title = {{Volatility spillover effects in leading cryptocurrencies: A BEKK-MGARCH analysis}},
    year = {2019},
    journal = {Finance Research Letters},
    author = {Katsiampa, Paraskevi and Corbet, Shaen and Lucey, Brian},
    month = {6},
    pages = {68--74},
    volume = {29},
    url = {https://linkinghub.elsevier.com/retrieve/pii/S1544612318308237},
    doi = {10.1016/j.frl.2019.03.009},
    issn = {15446123}
}

@misc{Odom2013Vulnerabilities,
    title = {{Vulnerabilities}},
    year = {2013},
    booktitle = {Open-Transactions},
    author = {Odom, Chris},
    url = {http://opentransactions.org/wiki/Vulnerabilities}
}

@misc{DLTLabs2019WalmartApplication,
    title = {{Walmart Canada and DLT Labs™ launch world's largest full production blockchain solution for industrial application}},
    year = {2019},
    booktitle = {CISION PR Newswire},
    author = {{DLT Labs}},
    month = {11},
    url = {https://www.prnewswire.com/news-releases/Walmart-canada-and-dlt-labs--launch-worlds-largest-full-production-blockchain-solution-for-industrial-application-300958198.html}
}

@techreport{Himoff2019WalmartTechnology,
    title = {{Walmart Staying ahead of the industry with Blockchain technology}},
    year = {2019},
    author = {Himoff, Jon},
    url = {https://insolar.io/uploads/Case%20Study%20Walmart%20Blockchain%20Analysis.pdf},
    address = {Insolar}
}

@misc{Boyle2000WebLedger,
    title = {{WebLedger}},
    year = {2000},
    booktitle = {GL Dialtone},
    author = {Boyle, Todd},
    url = {http://web.archive.org/web/20000610172851/GLDialtone.com/webledger.htm}
}

@misc{Boyle2000WebLedgerDuplication,
    title = {{WebLedger Architectures; Ending Data Duplication}},
    year = {2000},
    booktitle = {GL Dialtone},
    author = {Boyle, Todd},
    url = {http://web.archive.org/web/20000829141221/http://www.gldialtone.com/endredundancy.htm}
}

@misc{Boyle2000WebLedgerForum,
    title = {{WebLedger Discussion Forum}},
    year = {2000},
    booktitle = {GL Dialtone},
    author = {Boyle, Todd},
    url = {http://web.archive.org/web/20000623204427/http://www.rosehill.net/cgi-bin/dnewsweb.exe?cmd=xover&group=webaccounting.design&utag=}
}

@misc{Grigg2014WhoHistory,
    title = {{Who invented the shared repository idea: Bitcoin, Boyle, and history}},
    year = {2014},
    booktitle = {Financial Cryptography},
    author = {Grigg, Ian},
    month = {1},
    url = {http://financialcryptography.com/mt/archives/001469.html}
}

@misc{Martinuzzi2019WhyMatters,
    title = {{Why Deutsche Bank's Monte Paschi Scandal Still Matters}},
    year = {2019},
    booktitle = {Bloomberg},
    author = {Martinuzzi, Elsa},
    month = {11},
    url = {https://www.bloomberg.com/opinion/articles/2019-11-11/why-deutsche-bank-s-monte-paschi-scandal-still-matters}
}

@misc{Jeffries2019WhyYears,
    title = {{Why Everyone Missed the Most Important Invention in the Last 500 Years}},
    year = {2019},
    booktitle = {Hackernoon},
    author = {Jeffries, Daniel},
    month = {6},
    url = {https://hackernoon.com/why-everyone-missed-the-most-important-invention-in-the-last-500-years-c90b0151c169}
}

@book{VonGoethe1858WilhelmTravels,
    title = {{Wilhelm Meister's Apprenticeship and Travels}},
    year = {1858},
    author = {Von Goethe, Johann Wolfgang},
    volume = {2},
    publisher = {Chapman and Hall}
}